<?xml version='1.0' encoding='UTF-8'?><mx:collection xmlns:mx="info:lc/xmlns/marcxchange-v1"><mx:record mx:type="Bibliographic" mx:format="MARC21"><mx:leader>00908nas a2200313 c 4500</mx:leader><mx:controlfield mx:tag="001">1024796043</mx:controlfield><mx:controlfield mx:tag="004">DE-101</mx:controlfield><mx:controlfield mx:tag="005">20120802144841.0</mx:controlfield><mx:controlfield mx:tag="007">tu</mx:controlfield><mx:controlfield mx:tag="008">120802c20129999gw f||p|r ||| 0||||0ger c</mx:controlfield><mx:datafield mx:tag="016" mx:ind1="7" mx:ind2=" "><mx:subfield mx:code="2">DE-101</mx:subfield><mx:subfield mx:code="a">1024796043</mx:subfield></mx:datafield><mx:datafield mx:tag="016" mx:ind1="7" mx:ind2=" "><mx:subfield mx:code="2">DE-600</mx:subfield><mx:subfield mx:code="a">2675962-7</mx:subfield></mx:datafield><mx:datafield mx:tag="035" mx:ind1=" " mx:ind2=" "><mx:subfield mx:code="a">(DE-599)ZDB2675962-7</mx:subfield></mx:datafield><mx:datafield mx:tag="040" mx:ind1=" " mx:ind2=" "><mx:subfield mx:code="a">1241</mx:subfield><mx:subfield mx:code="b">ger</mx:subfield><mx:subfield mx:code="c">DE-101</mx:subfield><mx:subfield mx:code="d">1241</mx:subfield></mx:datafield><mx:datafield mx:tag="041" mx:ind1=" " mx:ind2=" "><mx:subfield mx:code="a">ger</mx:subfield></mx:datafield><mx:datafield mx:tag="044" mx:ind1=" " mx:ind2=" "><mx:subfield mx:code="c">XA-DE</mx:subfield></mx:datafield><mx:datafield mx:tag="084" mx:ind1=" " mx:ind2=" "><mx:subfield mx:code="a">050</mx:subfield><mx:subfield mx:code="a">070</mx:subfield><mx:subfield mx:code="q">DE-101</mx:subfield><mx:subfield mx:code="2">sdnb</mx:subfield></mx:datafield><mx:datafield mx:tag="084" mx:ind1=" " mx:ind2=" "><mx:subfield mx:code="a">050</mx:subfield><mx:subfield mx:code="a">070</mx:subfield><mx:subfield mx:code="q">DE-600</mx:subfield><mx:subfield mx:code="2">sdnb</mx:subfield></mx:datafield><mx:datafield mx:tag="090" mx:ind1=" " mx:ind2=" "><mx:subfield mx:code="n">fn</mx:subfield></mx:datafield><mx:datafield mx:tag="245" mx:ind1="1" mx:ind2="0"><mx:subfield mx:code="a">Alt-Höchst</mx:subfield><mx:subfield mx:code="n">[...]</mx:subfield><mx:subfield mx:code="p">Infobrief</mx:subfield><mx:subfield mx:code="c">Bürgervereinigung Höchster Altstadt</mx:subfield></mx:datafield><mx:datafield mx:tag="246" mx:ind1="1" mx:ind2="9"><mx:subfield mx:code="a">Alt-Höchst / Infobrief</mx:subfield></mx:datafield><mx:datafield mx:tag="260" mx:ind1="3" mx:ind2=" "><mx:subfield mx:code="a">Frankfurt-Höchst</mx:subfield><mx:subfield mx:code="b">Bürgervereinigung Höchster Altstadt</mx:subfield></mx:datafield><mx:datafield mx:tag="300" mx:ind1=" " mx:ind2=" "><mx:subfield mx:code="c">30 cm</mx:subfield></mx:datafield><mx:datafield mx:tag="362" mx:ind1="0" mx:ind2=" "><mx:subfield mx:code="a">Nachgewiesen 2012 -</mx:subfield></mx:datafield><mx:datafield mx:tag="363" mx:ind1="0" mx:ind2="1"><mx:subfield mx:code="8">1.1\x</mx:subfield><mx:subfield mx:code="i">2012</mx:subfield></mx:datafield><mx:datafield mx:tag="515" mx:ind1=" " mx:ind2=" "><mx:subfield mx:code="a">Periodizität: halbjährl.</mx:subfield></mx:datafield><mx:datafield mx:tag="772" mx:ind1="0" mx:ind2="8"><mx:subfield mx:code="i">Beil. zu:</mx:subfield><mx:subfield mx:code="t">Alt-Höchst</mx:subfield><mx:subfield mx:code="w">(DE-600)969378-6</mx:subfield><mx:subfield mx:code="w">(DE-101)015112500</mx:subfield></mx:datafield><mx:datafield mx:tag="925" mx:ind1="r" mx:ind2=" "><mx:subfield mx:code="a">rb</mx:subfield></mx:datafield><mx:datafield mx:tag="930" mx:ind1=" " mx:ind2=" "><mx:subfield mx:code="a">Infobrief</mx:subfield></mx:datafield></mx:record>