<mx:record mx:type="Bibliographic" mx:format="MARC21"><mx:leader>00752nas a2200229 c 4500</mx:leader><mx:controlfield mx:tag="001">1024795764</mx:controlfield><mx:controlfield mx:tag="004">DE-101</mx:controlfield><mx:controlfield mx:tag="005">20120802144628.0</mx:controlfield><mx:controlfield mx:tag="007">tu</mx:controlfield><mx:controlfield mx:tag="008">120802c20129999gw u||p|r ||| 0||||0ger c</mx:controlfield><mx:datafield mx:tag="016" mx:ind1="7" mx:ind2=" "><mx:subfield mx:code="2">DE-101</mx:subfield><mx:subfield mx:code="a">1024795764</mx:subfield></mx:datafield><mx:datafield mx:tag="016" mx:ind1="7" mx:ind2=" "><mx:subfield mx:code="2">DE-600</mx:subfield><mx:subfield mx:code="a">2675961-5</mx:subfield></mx:datafield><mx:datafield mx:tag="035" mx:ind1=" " mx:ind2=" "><mx:subfield mx:code="a">(DE-599)ZDB2675961-5</mx:subfield></mx:datafield><mx:datafield mx:tag="040" mx:ind1=" " mx:ind2=" "><mx:subfield mx:code="a">3238</mx:subfield><mx:subfield mx:code="b">ger</mx:subfield><mx:subfield mx:code="c">DE-101</mx:subfield><mx:subfield mx:code="d">3238</mx:subfield></mx:datafield><mx:datafield mx:tag="041" mx:ind1=" " mx:ind2=" "><mx:subfield mx:code="a">ger</mx:subfield></mx:datafield><mx:datafield mx:tag="044" mx:ind1=" " mx:ind2=" "><mx:subfield mx:code="c">XA-DE</mx:subfield></mx:datafield><mx:datafield mx:tag="084" mx:ind1=" " mx:ind2=" "><mx:subfield mx:code="a">3,61</mx:subfield><mx:subfield mx:code="2">ssgn</mx:subfield></mx:datafield><mx:datafield mx:tag="084" mx:ind1=" " mx:ind2=" "><mx:subfield mx:code="a">050</mx:subfield><mx:subfield mx:code="a">320</mx:subfield><mx:subfield mx:code="q">DE-600</mx:subfield><mx:subfield mx:code="2">sdnb</mx:subfield></mx:datafield><mx:datafield mx:tag="245" mx:ind1="1" mx:ind2="0"><mx:subfield mx:code="a">Willi-Bleicher-Preis</mx:subfield><mx:subfield mx:code="b">Journalismuspreis der IG Metall Baden-Württemberg</mx:subfield><mx:subfield mx:code="c">IG-Metall Bezirksleitung Baden-Württemberg</mx:subfield></mx:datafield><mx:datafield mx:tag="260" mx:ind1="3" mx:ind2=" "><mx:subfield mx:code="a">Stuttgart</mx:subfield><mx:subfield mx:code="b">IG-Metall</mx:subfield></mx:datafield><mx:datafield mx:tag="362" mx:ind1="0" mx:ind2=" "><mx:subfield mx:code="a">Nachgewiesen 2012 -</mx:subfield></mx:datafield><mx:datafield mx:tag="710" mx:ind1="2" mx:ind2=" "><mx:subfield mx:code="0">(DE-588)5252909-5</mx:subfield><mx:subfield mx:code="0">(DE-101)952358069</mx:subfield><mx:subfield mx:code="a">Industriegewerkschaft Metall</mx:subfield><mx:subfield mx:code="g">Deutschland</mx:subfield><mx:subfield mx:code="b">Bezirk Baden-Württemberg</mx:subfield></mx:datafield></mx:record>