<mx:record mx:type="Bibliographic" mx:format="MARC21"><mx:leader>00819nas a2200277 c 4500</mx:leader><mx:controlfield mx:tag="001">1024794741</mx:controlfield><mx:controlfield mx:tag="004">DE-101</mx:controlfield><mx:controlfield mx:tag="005">20120802141847.0</mx:controlfield><mx:controlfield mx:tag="007">tu</mx:controlfield><mx:controlfield mx:tag="008">120802c20129999gw q||p|r ||| 0||||0ger c</mx:controlfield><mx:datafield mx:tag="016" mx:ind1="7" mx:ind2=" "><mx:subfield mx:code="2">DE-101</mx:subfield><mx:subfield mx:code="a">1024794741</mx:subfield></mx:datafield><mx:datafield mx:tag="016" mx:ind1="7" mx:ind2=" "><mx:subfield mx:code="2">DE-600</mx:subfield><mx:subfield mx:code="a">2675954-8</mx:subfield></mx:datafield><mx:datafield mx:tag="035" mx:ind1=" " mx:ind2=" "><mx:subfield mx:code="a">(DE-599)ZDB2675954-8</mx:subfield></mx:datafield><mx:datafield mx:tag="040" mx:ind1=" " mx:ind2=" "><mx:subfield mx:code="a">1241</mx:subfield><mx:subfield mx:code="b">ger</mx:subfield><mx:subfield mx:code="c">DE-101</mx:subfield><mx:subfield mx:code="d">1241</mx:subfield></mx:datafield><mx:datafield mx:tag="041" mx:ind1=" " mx:ind2=" "><mx:subfield mx:code="a">ger</mx:subfield></mx:datafield><mx:datafield mx:tag="044" mx:ind1=" " mx:ind2=" "><mx:subfield mx:code="c">XA-DE</mx:subfield></mx:datafield><mx:datafield mx:tag="084" mx:ind1=" " mx:ind2=" "><mx:subfield mx:code="a">610</mx:subfield><mx:subfield mx:code="q">DE-101</mx:subfield><mx:subfield mx:code="2">sdnb</mx:subfield></mx:datafield><mx:datafield mx:tag="084" mx:ind1=" " mx:ind2=" "><mx:subfield mx:code="a">610</mx:subfield><mx:subfield mx:code="q">DE-600</mx:subfield><mx:subfield mx:code="2">sdnb</mx:subfield></mx:datafield><mx:datafield mx:tag="245" mx:ind1="1" mx:ind2="0"><mx:subfield mx:code="a">Akupunktur</mx:subfield><mx:subfield mx:code="b">Medizin auf den Punkt gebracht</mx:subfield><mx:subfield mx:code="c">Deutsche Akademie für Akupunktur, DAA e.V.</mx:subfield></mx:datafield><mx:datafield mx:tag="260" mx:ind1="3" mx:ind2=" "><mx:subfield mx:code="a">München</mx:subfield><mx:subfield mx:code="b">Dt. Akad. für Akupunktur</mx:subfield></mx:datafield><mx:datafield mx:tag="300" mx:ind1=" " mx:ind2=" "><mx:subfield mx:code="c">28 cm</mx:subfield></mx:datafield><mx:datafield mx:tag="362" mx:ind1="0" mx:ind2=" "><mx:subfield mx:code="a">Nachgewiesen 2012 -</mx:subfield></mx:datafield><mx:datafield mx:tag="363" mx:ind1="0" mx:ind2="1"><mx:subfield mx:code="8">1.1\x</mx:subfield><mx:subfield mx:code="i">2012</mx:subfield></mx:datafield><mx:datafield mx:tag="515" mx:ind1=" " mx:ind2=" "><mx:subfield mx:code="a">Ersch. vierteljährl.</mx:subfield></mx:datafield><mx:datafield mx:tag="772" mx:ind1="0" mx:ind2="8"><mx:subfield mx:code="i">Beil. zu:</mx:subfield><mx:subfield mx:code="t">Akupunktur &amp; Aurikulomedizin</mx:subfield><mx:subfield mx:code="w">(DE-600)2631051-X</mx:subfield><mx:subfield mx:code="w">(DE-101)1015780636</mx:subfield></mx:datafield><mx:datafield mx:tag="925" mx:ind1="r" mx:ind2=" "><mx:subfield mx:code="a">rb</mx:subfield></mx:datafield></mx:record>