<mx:record mx:type="Bibliographic" mx:format="MARC21"><mx:leader>01051nas a2200253 c 4500</mx:leader><mx:controlfield mx:tag="001">102479170X</mx:controlfield><mx:controlfield mx:tag="004">DE-101</mx:controlfield><mx:controlfield mx:tag="005">20120802132035.0</mx:controlfield><mx:controlfield mx:tag="007">tu</mx:controlfield><mx:controlfield mx:tag="008">120802c20129999xx u||p|r ||| 0||||0||| c</mx:controlfield><mx:datafield mx:tag="016" mx:ind1="7" mx:ind2=" "><mx:subfield mx:code="2">DE-101</mx:subfield><mx:subfield mx:code="a">102479170X</mx:subfield></mx:datafield><mx:datafield mx:tag="016" mx:ind1="7" mx:ind2=" "><mx:subfield mx:code="2">DE-600</mx:subfield><mx:subfield mx:code="a">2675941-X</mx:subfield></mx:datafield><mx:datafield mx:tag="035" mx:ind1=" " mx:ind2=" "><mx:subfield mx:code="a">(DE-599)ZDB2675941-X</mx:subfield></mx:datafield><mx:datafield mx:tag="040" mx:ind1=" " mx:ind2=" "><mx:subfield mx:code="a">0001</mx:subfield><mx:subfield mx:code="b">ger</mx:subfield><mx:subfield mx:code="c">DE-101</mx:subfield><mx:subfield mx:code="d">0001</mx:subfield></mx:datafield><mx:datafield mx:tag="044" mx:ind1=" " mx:ind2=" "><mx:subfield mx:code="c">XA-RU</mx:subfield></mx:datafield><mx:datafield mx:tag="084" mx:ind1=" " mx:ind2=" "><mx:subfield mx:code="a">890</mx:subfield><mx:subfield mx:code="a">910</mx:subfield><mx:subfield mx:code="a">940</mx:subfield><mx:subfield mx:code="q">DE-600</mx:subfield><mx:subfield mx:code="2">sdnb</mx:subfield></mx:datafield><mx:datafield mx:tag="245" mx:ind1="1" mx:ind2="0"><mx:subfield mx:code="a">Social'nye i gumanitarnye nauki</mx:subfield><mx:subfield mx:code="b">RŽ ; referativnyj žurnal</mx:subfield><mx:subfield mx:code="n">Otečestvennaja i zarubežnaja literatura</mx:subfield><mx:subfield mx:code="n">Serija 9, Vostokovedenie i afrikanistika</mx:subfield><mx:subfield mx:code="c">Rossijskaja Akademija Nauk, Institut Naučnoj Informacii po Obščestvennym Naukam</mx:subfield></mx:datafield><mx:datafield mx:tag="246" mx:ind1="1" mx:ind2="9"><mx:subfield mx:code="a">Social'nye i gumanitarnye nauki / Otečestvennaja i zarubežnaja literatura / 9</mx:subfield></mx:datafield><mx:datafield mx:tag="260" mx:ind1="3" mx:ind2=" "><mx:subfield mx:code="a">Moskva</mx:subfield><mx:subfield mx:code="b">[s.n.]</mx:subfield></mx:datafield><mx:datafield mx:tag="362" mx:ind1="0" mx:ind2=" "><mx:subfield mx:code="a">2012 -</mx:subfield></mx:datafield><mx:datafield mx:tag="363" mx:ind1="0" mx:ind2="1"><mx:subfield mx:code="8">1.1\x</mx:subfield><mx:subfield mx:code="i">2012</mx:subfield></mx:datafield><mx:datafield mx:tag="780" mx:ind1="0" mx:ind2="0"><mx:subfield mx:code="i">Vorg.:</mx:subfield><mx:subfield mx:code="t">Social'nye i gumanitarnye nauki / Zarubežnaja literatura / 9</mx:subfield><mx:subfield mx:code="w">(DE-600)1192399-4</mx:subfield><mx:subfield mx:code="w">(DE-101)017196175</mx:subfield></mx:datafield><mx:datafield mx:tag="930" mx:ind1=" " mx:ind2=" "><mx:subfield mx:code="r">Otečestvennaja i zarubežnaja literatura</mx:subfield></mx:datafield><mx:datafield mx:tag="930" mx:ind1=" " mx:ind2=" "><mx:subfield mx:code="r">Serija 9, Vostokovedenie i afrikanistika</mx:subfield></mx:datafield></mx:record>