<mx:record mx:type="Bibliographic" mx:format="MARC21"><mx:leader>00897nas a2200301 c 4500</mx:leader><mx:controlfield mx:tag="001">1024791513</mx:controlfield><mx:controlfield mx:tag="004">DE-101</mx:controlfield><mx:controlfield mx:tag="005">20120802131231.0</mx:controlfield><mx:controlfield mx:tag="007">tu</mx:controlfield><mx:controlfield mx:tag="008">120802c20129999gw z||m|r ||| 0||||0ger c</mx:controlfield><mx:datafield mx:tag="016" mx:ind1="7" mx:ind2=" "><mx:subfield mx:code="2">DE-101</mx:subfield><mx:subfield mx:code="a">1024791513</mx:subfield></mx:datafield><mx:datafield mx:tag="016" mx:ind1="7" mx:ind2=" "><mx:subfield mx:code="2">DE-600</mx:subfield><mx:subfield mx:code="a">2675939-1</mx:subfield></mx:datafield><mx:datafield mx:tag="035" mx:ind1=" " mx:ind2=" "><mx:subfield mx:code="a">(DE-599)ZDB2675939-1</mx:subfield></mx:datafield><mx:datafield mx:tag="040" mx:ind1=" " mx:ind2=" "><mx:subfield mx:code="a">6999</mx:subfield><mx:subfield mx:code="b">ger</mx:subfield><mx:subfield mx:code="c">DE-101</mx:subfield><mx:subfield mx:code="d">6999</mx:subfield></mx:datafield><mx:datafield mx:tag="041" mx:ind1=" " mx:ind2=" "><mx:subfield mx:code="a">ger</mx:subfield></mx:datafield><mx:datafield mx:tag="044" mx:ind1=" " mx:ind2=" "><mx:subfield mx:code="c">XA-DE</mx:subfield></mx:datafield><mx:datafield mx:tag="084" mx:ind1=" " mx:ind2=" "><mx:subfield mx:code="a">000</mx:subfield><mx:subfield mx:code="q">DE-600</mx:subfield><mx:subfield mx:code="2">sdnb</mx:subfield></mx:datafield><mx:datafield mx:tag="110" mx:ind1="2" mx:ind2=" "><mx:subfield mx:code="0">(DE-588)16166409-X</mx:subfield><mx:subfield mx:code="0">(DE-101)1013960157</mx:subfield><mx:subfield mx:code="a">Internationales Kolleg Morphomata</mx:subfield><mx:subfield mx:code="g">Köln</mx:subfield><mx:subfield mx:code="4">aut</mx:subfield></mx:datafield><mx:datafield mx:tag="245" mx:ind1="1" mx:ind2="0"><mx:subfield mx:code="a">Morphomata</mx:subfield><mx:subfield mx:code="n">[...]</mx:subfield><mx:subfield mx:code="p">Lectures Cologne</mx:subfield><mx:subfield mx:code="c">Internationales Kolleg Morphomata</mx:subfield></mx:datafield><mx:datafield mx:tag="246" mx:ind1="1" mx:ind2="9"><mx:subfield mx:code="a">Morphomata / Lectures Cologne</mx:subfield></mx:datafield><mx:datafield mx:tag="246" mx:ind1="1" mx:ind2="3"><mx:subfield mx:code="a">Morphomata Lectures Cologne</mx:subfield></mx:datafield><mx:datafield mx:tag="246" mx:ind1="1" mx:ind2="3"><mx:subfield mx:code="a">Morphomata lectures Cologne</mx:subfield></mx:datafield><mx:datafield mx:tag="246" mx:ind1="1" mx:ind2="3"><mx:subfield mx:code="i">Nebent.</mx:subfield><mx:subfield mx:code="a">MLC</mx:subfield></mx:datafield><mx:datafield mx:tag="260" mx:ind1="3" mx:ind2=" "><mx:subfield mx:code="a">Paderborn</mx:subfield><mx:subfield mx:code="b">Fink</mx:subfield></mx:datafield><mx:datafield mx:tag="362" mx:ind1="0" mx:ind2=" "><mx:subfield mx:code="a">1.2012 -</mx:subfield></mx:datafield><mx:datafield mx:tag="363" mx:ind1="0" mx:ind2="1"><mx:subfield mx:code="8">1.1\x</mx:subfield><mx:subfield mx:code="i">2012</mx:subfield></mx:datafield><mx:datafield mx:tag="515" mx:ind1=" " mx:ind2=" "><mx:subfield mx:code="a">Ersch. unregelmäßig</mx:subfield></mx:datafield><mx:datafield mx:tag="930" mx:ind1=" " mx:ind2=" "><mx:subfield mx:code="a">Lectures Cologne</mx:subfield></mx:datafield></mx:record>