<mx:record mx:type="Bibliographic" mx:format="MARC21"><mx:leader>00940nas a2200301 c 4500</mx:leader><mx:controlfield mx:tag="001">102479105X</mx:controlfield><mx:controlfield mx:tag="004">DE-101</mx:controlfield><mx:controlfield mx:tag="005">20120802130446.0</mx:controlfield><mx:controlfield mx:tag="007">tu</mx:controlfield><mx:controlfield mx:tag="008">120802c20129999gw z||m|r ||| 0||||0ger c</mx:controlfield><mx:datafield mx:tag="016" mx:ind1="7" mx:ind2=" "><mx:subfield mx:code="2">DE-101</mx:subfield><mx:subfield mx:code="a">102479105X</mx:subfield></mx:datafield><mx:datafield mx:tag="016" mx:ind1="7" mx:ind2=" "><mx:subfield mx:code="2">DE-600</mx:subfield><mx:subfield mx:code="a">2675935-4</mx:subfield></mx:datafield><mx:datafield mx:tag="035" mx:ind1=" " mx:ind2=" "><mx:subfield mx:code="a">(DE-599)ZDB2675935-4</mx:subfield></mx:datafield><mx:datafield mx:tag="040" mx:ind1=" " mx:ind2=" "><mx:subfield mx:code="a">1240</mx:subfield><mx:subfield mx:code="b">ger</mx:subfield><mx:subfield mx:code="c">DE-101</mx:subfield><mx:subfield mx:code="d">1240</mx:subfield></mx:datafield><mx:datafield mx:tag="041" mx:ind1=" " mx:ind2=" "><mx:subfield mx:code="a">ger</mx:subfield></mx:datafield><mx:datafield mx:tag="044" mx:ind1=" " mx:ind2=" "><mx:subfield mx:code="c">XA-DE</mx:subfield></mx:datafield><mx:datafield mx:tag="084" mx:ind1=" " mx:ind2=" "><mx:subfield mx:code="a">230</mx:subfield><mx:subfield mx:code="q">DE-101</mx:subfield><mx:subfield mx:code="2">sdnb</mx:subfield></mx:datafield><mx:datafield mx:tag="084" mx:ind1=" " mx:ind2=" "><mx:subfield mx:code="a">230</mx:subfield><mx:subfield mx:code="q">DE-600</mx:subfield><mx:subfield mx:code="2">sdnb</mx:subfield></mx:datafield><mx:datafield mx:tag="110" mx:ind1="2" mx:ind2=" "><mx:subfield mx:code="0">(DE-588)16345568-5</mx:subfield><mx:subfield mx:code="0">(DE-101)1021371572</mx:subfield><mx:subfield mx:code="a">Katholische Hochschule</mx:subfield><mx:subfield mx:code="g">Mainz</mx:subfield><mx:subfield mx:code="4">aut</mx:subfield></mx:datafield><mx:datafield mx:tag="245" mx:ind1="1" mx:ind2="0"><mx:subfield mx:code="a">Schriftenreihe der KH Mainz</mx:subfield><mx:subfield mx:code="c">Katholische Hochschule Mainz</mx:subfield></mx:datafield><mx:datafield mx:tag="246" mx:ind1="1" mx:ind2="3"><mx:subfield mx:code="i">Nebent.</mx:subfield><mx:subfield mx:code="a">Schriftenreihe</mx:subfield></mx:datafield><mx:datafield mx:tag="260" mx:ind1="3" mx:ind2=" "><mx:subfield mx:code="a">St. Ottilien</mx:subfield><mx:subfield mx:code="b">EOS-Verl.</mx:subfield></mx:datafield><mx:datafield mx:tag="300" mx:ind1=" " mx:ind2=" "><mx:subfield mx:code="c">24 cm</mx:subfield></mx:datafield><mx:datafield mx:tag="362" mx:ind1="0" mx:ind2=" "><mx:subfield mx:code="a">6.2012 -</mx:subfield></mx:datafield><mx:datafield mx:tag="363" mx:ind1="0" mx:ind2="1"><mx:subfield mx:code="8">1.1\x</mx:subfield><mx:subfield mx:code="a">6</mx:subfield><mx:subfield mx:code="i">2012</mx:subfield></mx:datafield><mx:datafield mx:tag="515" mx:ind1=" " mx:ind2=" "><mx:subfield mx:code="a">Ersch. unregelmäßig</mx:subfield></mx:datafield><mx:datafield mx:tag="780" mx:ind1="0" mx:ind2="0"><mx:subfield mx:code="i">Bis Bd. 5 u.d.T.:</mx:subfield><mx:subfield mx:code="a">Katholische Fachhochschule &lt;Mainz></mx:subfield><mx:subfield mx:code="t">Schriftenreihe der KFH Mainz</mx:subfield><mx:subfield mx:code="w">(DE-600)2279337-9</mx:subfield><mx:subfield mx:code="w">(DE-101)983880514</mx:subfield></mx:datafield><mx:datafield mx:tag="925" mx:ind1="r" mx:ind2=" "><mx:subfield mx:code="a">ra</mx:subfield></mx:datafield></mx:record>