<mx:record mx:type="Bibliographic" mx:format="MARC21"><mx:leader>00829nas a2200253 c 4500</mx:leader><mx:controlfield mx:tag="001">1024789349</mx:controlfield><mx:controlfield mx:tag="004">DE-101</mx:controlfield><mx:controlfield mx:tag="005">20120802120423.0</mx:controlfield><mx:controlfield mx:tag="007">tu</mx:controlfield><mx:controlfield mx:tag="008">120802c20129999xx a||p|r ||| 0||||0ger c</mx:controlfield><mx:datafield mx:tag="016" mx:ind1="7" mx:ind2=" "><mx:subfield mx:code="2">DE-101</mx:subfield><mx:subfield mx:code="a">1024789349</mx:subfield></mx:datafield><mx:datafield mx:tag="016" mx:ind1="7" mx:ind2=" "><mx:subfield mx:code="2">DE-600</mx:subfield><mx:subfield mx:code="a">2675911-1</mx:subfield></mx:datafield><mx:datafield mx:tag="035" mx:ind1=" " mx:ind2=" "><mx:subfield mx:code="a">(DE-599)ZDB2675911-1</mx:subfield></mx:datafield><mx:datafield mx:tag="040" mx:ind1=" " mx:ind2=" "><mx:subfield mx:code="a">0109</mx:subfield><mx:subfield mx:code="b">ger</mx:subfield><mx:subfield mx:code="c">DE-101</mx:subfield><mx:subfield mx:code="d">0109</mx:subfield></mx:datafield><mx:datafield mx:tag="041" mx:ind1=" " mx:ind2=" "><mx:subfield mx:code="a">ger</mx:subfield></mx:datafield><mx:datafield mx:tag="044" mx:ind1=" " mx:ind2=" "><mx:subfield mx:code="c">XA-DXDE</mx:subfield></mx:datafield><mx:datafield mx:tag="084" mx:ind1=" " mx:ind2=" "><mx:subfield mx:code="a">330</mx:subfield><mx:subfield mx:code="q">DE-600</mx:subfield><mx:subfield mx:code="2">sdnb</mx:subfield></mx:datafield><mx:datafield mx:tag="245" mx:ind1="1" mx:ind2="0"><mx:subfield mx:code="a">Bericht über die örtliche Prüfung der Eröffnungsbilanz zum 1. Januar ... </mx:subfield><mx:subfield mx:code="c">Landeshauptstadt Stuttgart, Rechnungsprüfungsamt</mx:subfield></mx:datafield><mx:datafield mx:tag="260" mx:ind1="3" mx:ind2=" "><mx:subfield mx:code="a">Stuttgart</mx:subfield><mx:subfield mx:code="b">Landeshauptstadt Stuttgart, Rechnungsprüfungsamt</mx:subfield></mx:datafield><mx:datafield mx:tag="300" mx:ind1=" " mx:ind2=" "><mx:subfield mx:code="c">30 cm</mx:subfield></mx:datafield><mx:datafield mx:tag="362" mx:ind1="0" mx:ind2=" "><mx:subfield mx:code="a">Nachgewiesen 2010(2012) -</mx:subfield></mx:datafield><mx:datafield mx:tag="363" mx:ind1="0" mx:ind2="1"><mx:subfield mx:code="8">1.1\x</mx:subfield><mx:subfield mx:code="i">2010</mx:subfield></mx:datafield><mx:datafield mx:tag="515" mx:ind1=" " mx:ind2=" "><mx:subfield mx:code="a">Ersch. jährl.</mx:subfield></mx:datafield><mx:datafield mx:tag="710" mx:ind1="1" mx:ind2=" "><mx:subfield mx:code="0">(DE-588)5086277-7</mx:subfield><mx:subfield mx:code="0">(DE-101)050862774</mx:subfield><mx:subfield mx:code="a">Stuttgart</mx:subfield><mx:subfield mx:code="b">Rechnungsprüfungsamt</mx:subfield></mx:datafield></mx:record>