<mx:record mx:type="Bibliographic" mx:format="MARC21"><mx:leader>01238nas a2200325 c 4500</mx:leader><mx:controlfield mx:tag="001">1024787338</mx:controlfield><mx:controlfield mx:tag="004">DE-101</mx:controlfield><mx:controlfield mx:tag="005">20120802113202.0</mx:controlfield><mx:controlfield mx:tag="007">cr||||||||||||</mx:controlfield><mx:controlfield mx:tag="008">120802c20129999it m||p|o ||| 0||||0ita c</mx:controlfield><mx:datafield mx:tag="016" mx:ind1="7" mx:ind2=" "><mx:subfield mx:code="2">DE-101</mx:subfield><mx:subfield mx:code="a">1024787338</mx:subfield></mx:datafield><mx:datafield mx:tag="016" mx:ind1="7" mx:ind2=" "><mx:subfield mx:code="2">DE-600</mx:subfield><mx:subfield mx:code="a">2675901-9</mx:subfield></mx:datafield><mx:datafield mx:tag="035" mx:ind1=" " mx:ind2=" "><mx:subfield mx:code="a">(DE-599)ZDB2675901-9</mx:subfield></mx:datafield><mx:datafield mx:tag="040" mx:ind1=" " mx:ind2=" "><mx:subfield mx:code="a">9001</mx:subfield><mx:subfield mx:code="b">ger</mx:subfield><mx:subfield mx:code="c">DE-101</mx:subfield><mx:subfield mx:code="d">9001</mx:subfield></mx:datafield><mx:datafield mx:tag="041" mx:ind1=" " mx:ind2=" "><mx:subfield mx:code="a">ita</mx:subfield></mx:datafield><mx:datafield mx:tag="044" mx:ind1=" " mx:ind2=" "><mx:subfield mx:code="c">XA-IT</mx:subfield></mx:datafield><mx:datafield mx:tag="084" mx:ind1=" " mx:ind2=" "><mx:subfield mx:code="a">796</mx:subfield><mx:subfield mx:code="q">DE-600</mx:subfield><mx:subfield mx:code="2">sdnb</mx:subfield></mx:datafield><mx:datafield mx:tag="110" mx:ind1="2" mx:ind2=" "><mx:subfield mx:code="0">(DE-588)1001266-7</mx:subfield><mx:subfield mx:code="0">(DE-101)004008766</mx:subfield><mx:subfield mx:code="a">Club Alpino Italiano</mx:subfield><mx:subfield mx:code="4">aut</mx:subfield></mx:datafield><mx:datafield mx:tag="245" mx:ind1="1" mx:ind2="0"><mx:subfield mx:code="a">Montagne 360°</mx:subfield><mx:subfield mx:code="h">[Elektronische Ressource]</mx:subfield><mx:subfield mx:code="b">la rivista del Club Alpino Italiano</mx:subfield></mx:datafield><mx:datafield mx:tag="246" mx:ind1="1" mx:ind2="3"><mx:subfield mx:code="a">Montagne 360 gradi</mx:subfield></mx:datafield><mx:datafield mx:tag="246" mx:ind1="1" mx:ind2="3"><mx:subfield mx:code="a">Montagne trecentosessanta gradi</mx:subfield></mx:datafield><mx:datafield mx:tag="260" mx:ind1="3" mx:ind2=" "><mx:subfield mx:code="a">Milano</mx:subfield><mx:subfield mx:code="b">Club</mx:subfield></mx:datafield><mx:datafield mx:tag="300" mx:ind1=" " mx:ind2=" "><mx:subfield mx:code="a">Online-Ressource</mx:subfield></mx:datafield><mx:datafield mx:tag="362" mx:ind1="0" mx:ind2=" "><mx:subfield mx:code="a">2012 -</mx:subfield></mx:datafield><mx:datafield mx:tag="363" mx:ind1="0" mx:ind2="1"><mx:subfield mx:code="8">1.1\x</mx:subfield><mx:subfield mx:code="i">2012</mx:subfield></mx:datafield><mx:datafield mx:tag="515" mx:ind1=" " mx:ind2=" "><mx:subfield mx:code="a">Ersch.monatl</mx:subfield></mx:datafield><mx:datafield mx:tag="591" mx:ind1=" " mx:ind2=" "><mx:subfield mx:code="a">st: noch keine Titelhistorie eingetragen, weil erst 2013 Volltext verfügbar ist(02-08-12)</mx:subfield></mx:datafield><mx:datafield mx:tag="775" mx:ind1="0" mx:ind2="8"><mx:subfield mx:code="i">Druckausg.</mx:subfield><mx:subfield mx:code="a">Club Alpino Italiano</mx:subfield><mx:subfield mx:code="t">Montagne 360°</mx:subfield><mx:subfield mx:code="w">(DE-600)2666041-6</mx:subfield><mx:subfield mx:code="w">(DE-101)1023185245</mx:subfield></mx:datafield><mx:datafield mx:tag="780" mx:ind1="0" mx:ind2="0"><mx:subfield mx:code="i">Vorg.:</mx:subfield><mx:subfield mx:code="a">Club Alpino Italiano</mx:subfield><mx:subfield mx:code="t">La rivista del Club Alpino Italiano</mx:subfield><mx:subfield mx:code="w">(DE-600)2669438-4</mx:subfield><mx:subfield mx:code="w">(DE-101)1023824493</mx:subfield></mx:datafield><mx:datafield mx:tag="856" mx:ind1="4" mx:ind2=" "><mx:subfield mx:code="u">http://www.cai.it/index.php?id=1473&amp;L=0</mx:subfield><mx:subfield mx:code="x">Verlag; Volltext nach einem Jahr verfügbar</mx:subfield></mx:datafield></mx:record>