<mx:record mx:type="Bibliographic" mx:format="MARC21"><mx:leader>01122nas a2200313 c 4500</mx:leader><mx:controlfield mx:tag="001">1024785750</mx:controlfield><mx:controlfield mx:tag="004">DE-101</mx:controlfield><mx:controlfield mx:tag="005">20120802110322.0</mx:controlfield><mx:controlfield mx:tag="007">cr||||||||||||</mx:controlfield><mx:controlfield mx:tag="008">120802c20129999gw f||p|o ||| 0||||0ger c</mx:controlfield><mx:datafield mx:tag="016" mx:ind1="7" mx:ind2=" "><mx:subfield mx:code="2">DE-101</mx:subfield><mx:subfield mx:code="a">1024785750</mx:subfield></mx:datafield><mx:datafield mx:tag="016" mx:ind1="7" mx:ind2=" "><mx:subfield mx:code="2">DE-600</mx:subfield><mx:subfield mx:code="a">2675890-8</mx:subfield></mx:datafield><mx:datafield mx:tag="029" mx:ind1="a" mx:ind2="d"><mx:subfield mx:code="a">2194-5705</mx:subfield></mx:datafield><mx:datafield mx:tag="035" mx:ind1=" " mx:ind2=" "><mx:subfield mx:code="a">(DE-599)ZDB2675890-8</mx:subfield></mx:datafield><mx:datafield mx:tag="040" mx:ind1=" " mx:ind2=" "><mx:subfield mx:code="a">9001</mx:subfield><mx:subfield mx:code="b">ger</mx:subfield><mx:subfield mx:code="c">DE-101</mx:subfield><mx:subfield mx:code="d">9001</mx:subfield></mx:datafield><mx:datafield mx:tag="041" mx:ind1=" " mx:ind2=" "><mx:subfield mx:code="a">ger</mx:subfield></mx:datafield><mx:datafield mx:tag="044" mx:ind1=" " mx:ind2=" "><mx:subfield mx:code="c">XA-DE</mx:subfield></mx:datafield><mx:datafield mx:tag="084" mx:ind1=" " mx:ind2=" "><mx:subfield mx:code="a">530</mx:subfield><mx:subfield mx:code="q">DE-600</mx:subfield><mx:subfield mx:code="2">sdnb</mx:subfield></mx:datafield><mx:datafield mx:tag="245" mx:ind1="1" mx:ind2="0"><mx:subfield mx:code="a">Entdeckt</mx:subfield><mx:subfield mx:code="h">[Elektronische Ressource]</mx:subfield><mx:subfield mx:code="b">das Forschungsmagazin aus dem HZDR</mx:subfield></mx:datafield><mx:datafield mx:tag="260" mx:ind1="3" mx:ind2=" "><mx:subfield mx:code="a">Dresden</mx:subfield><mx:subfield mx:code="b">Helmholtz-Zentrum Dresden-Rossendorf</mx:subfield></mx:datafield><mx:datafield mx:tag="300" mx:ind1=" " mx:ind2=" "><mx:subfield mx:code="a">Online-Ressource</mx:subfield></mx:datafield><mx:datafield mx:tag="362" mx:ind1="0" mx:ind2=" "><mx:subfield mx:code="a">1.2012 -</mx:subfield></mx:datafield><mx:datafield mx:tag="363" mx:ind1="0" mx:ind2="1"><mx:subfield mx:code="8">1.1\x</mx:subfield><mx:subfield mx:code="a">1</mx:subfield><mx:subfield mx:code="i">2012</mx:subfield></mx:datafield><mx:datafield mx:tag="515" mx:ind1=" " mx:ind2=" "><mx:subfield mx:code="a">2011 nicht ersch.; 2x jährl.</mx:subfield></mx:datafield><mx:datafield mx:tag="710" mx:ind1="2" mx:ind2=" "><mx:subfield mx:code="0">(DE-588)16102193-1</mx:subfield><mx:subfield mx:code="0">(DE-101)1010237780</mx:subfield><mx:subfield mx:code="a">Helmholtz-Zentrum</mx:subfield><mx:subfield mx:code="g">Dresden</mx:subfield></mx:datafield><mx:datafield mx:tag="775" mx:ind1="0" mx:ind2="8"><mx:subfield mx:code="i">Druckausg.</mx:subfield><mx:subfield mx:code="t">Entdeckt</mx:subfield><mx:subfield mx:code="w">(DE-600)2673671-8</mx:subfield><mx:subfield mx:code="w">(DE-101)102438005X</mx:subfield></mx:datafield><mx:datafield mx:tag="780" mx:ind1="0" mx:ind2="0"><mx:subfield mx:code="i">Vorg.:</mx:subfield><mx:subfield mx:code="a">Forschungszentrum &lt;Dresden></mx:subfield><mx:subfield mx:code="t">FZD-Journal</mx:subfield><mx:subfield mx:code="w">(DE-600)2608135-0</mx:subfield><mx:subfield mx:code="w">(DE-101)1011693356</mx:subfield></mx:datafield><mx:datafield mx:tag="856" mx:ind1="4" mx:ind2=" "><mx:subfield mx:code="u">http://www.hzdr.de/db/Cms?pNid=2931</mx:subfield><mx:subfield mx:code="x">Verlag</mx:subfield><mx:subfield mx:code="z">kostenfrei</mx:subfield></mx:datafield><mx:datafield mx:tag="856" mx:ind1="4" mx:ind2=" "><mx:subfield mx:code="u">http://www.bibliothek.uni-regensburg.de/ezeit/?2675890</mx:subfield><mx:subfield mx:code="x">EZB</mx:subfield></mx:datafield></mx:record>