<mx:record mx:type="Bibliographic" mx:format="MARC21"><mx:leader>00818nas a2200241 c 4500</mx:leader><mx:controlfield mx:tag="001">1024785017</mx:controlfield><mx:controlfield mx:tag="004">DE-101</mx:controlfield><mx:controlfield mx:tag="005">20120802103448.0</mx:controlfield><mx:controlfield mx:tag="007">tu</mx:controlfield><mx:controlfield mx:tag="008">120802c20129999gw u||p|r ||| 0||||0ger c</mx:controlfield><mx:datafield mx:tag="016" mx:ind1="7" mx:ind2=" "><mx:subfield mx:code="2">DE-101</mx:subfield><mx:subfield mx:code="a">1024785017</mx:subfield></mx:datafield><mx:datafield mx:tag="016" mx:ind1="7" mx:ind2=" "><mx:subfield mx:code="2">DE-600</mx:subfield><mx:subfield mx:code="a">2675886-6</mx:subfield></mx:datafield><mx:datafield mx:tag="035" mx:ind1=" " mx:ind2=" "><mx:subfield mx:code="a">(DE-599)ZDB2675886-6</mx:subfield></mx:datafield><mx:datafield mx:tag="040" mx:ind1=" " mx:ind2=" "><mx:subfield mx:code="a">4031</mx:subfield><mx:subfield mx:code="b">ger</mx:subfield><mx:subfield mx:code="c">DE-101</mx:subfield><mx:subfield mx:code="d">4031</mx:subfield></mx:datafield><mx:datafield mx:tag="041" mx:ind1=" " mx:ind2=" "><mx:subfield mx:code="a">ger</mx:subfield></mx:datafield><mx:datafield mx:tag="044" mx:ind1=" " mx:ind2=" "><mx:subfield mx:code="c">XA-DE</mx:subfield></mx:datafield><mx:datafield mx:tag="084" mx:ind1=" " mx:ind2=" "><mx:subfield mx:code="a">370</mx:subfield><mx:subfield mx:code="q">DE-600</mx:subfield><mx:subfield mx:code="2">sdnb</mx:subfield></mx:datafield><mx:datafield mx:tag="090" mx:ind1=" " mx:ind2=" "><mx:subfield mx:code="n">sc</mx:subfield></mx:datafield><mx:datafield mx:tag="110" mx:ind1="2" mx:ind2=" "><mx:subfield mx:code="0">(DE-588)1024784592</mx:subfield><mx:subfield mx:code="0">(DE-101)1024784592</mx:subfield><mx:subfield mx:code="a">Labenwolf-Gymnasium</mx:subfield><mx:subfield mx:code="4">aut</mx:subfield></mx:datafield><mx:datafield mx:tag="245" mx:ind1="1" mx:ind2="0"><mx:subfield mx:code="a">Jahresbericht / Labenwolf-Gymnasium, das musische Gymnasium der Stadt Nürnberg</mx:subfield></mx:datafield><mx:datafield mx:tag="260" mx:ind1="3" mx:ind2=" "><mx:subfield mx:code="a">Nürnberg</mx:subfield><mx:subfield mx:code="b">[s.n.]</mx:subfield></mx:datafield><mx:datafield mx:tag="362" mx:ind1="0" mx:ind2=" "><mx:subfield mx:code="a">2011/2012 -</mx:subfield></mx:datafield><mx:datafield mx:tag="780" mx:ind1="0" mx:ind2="0"><mx:subfield mx:code="i">Vorg.:</mx:subfield><mx:subfield mx:code="a">Städtisches Labenwolf-Gymnasium &lt;Nürnberg></mx:subfield><mx:subfield mx:code="t">Jahresbericht / Städtisches Labenwolf-Gymnasium Nürnberg</mx:subfield><mx:subfield mx:code="w">(DE-600)1274477-3</mx:subfield><mx:subfield mx:code="w">(DE-101)017856345</mx:subfield></mx:datafield></mx:record>