<mx:record mx:type="Bibliographic" mx:format="MARC21"><mx:leader>00957nas a2200253 c 4500</mx:leader><mx:controlfield mx:tag="001">1024784665</mx:controlfield><mx:controlfield mx:tag="004">DE-101</mx:controlfield><mx:controlfield mx:tag="005">20120802142517.0</mx:controlfield><mx:controlfield mx:tag="007">tu</mx:controlfield><mx:controlfield mx:tag="008">120802c20129999xx u||p|r ||| 0||||0rus c</mx:controlfield><mx:datafield mx:tag="016" mx:ind1="7" mx:ind2=" "><mx:subfield mx:code="2">DE-101</mx:subfield><mx:subfield mx:code="a">1024784665</mx:subfield></mx:datafield><mx:datafield mx:tag="016" mx:ind1="7" mx:ind2=" "><mx:subfield mx:code="2">DE-600</mx:subfield><mx:subfield mx:code="a">2675883-0</mx:subfield></mx:datafield><mx:datafield mx:tag="035" mx:ind1=" " mx:ind2=" "><mx:subfield mx:code="a">(DE-599)ZDB2675883-0</mx:subfield></mx:datafield><mx:datafield mx:tag="040" mx:ind1=" " mx:ind2=" "><mx:subfield mx:code="a">0001</mx:subfield><mx:subfield mx:code="b">ger</mx:subfield><mx:subfield mx:code="c">DE-101</mx:subfield><mx:subfield mx:code="d">0001</mx:subfield></mx:datafield><mx:datafield mx:tag="041" mx:ind1=" " mx:ind2=" "><mx:subfield mx:code="a">rus</mx:subfield></mx:datafield><mx:datafield mx:tag="044" mx:ind1=" " mx:ind2=" "><mx:subfield mx:code="c">XA-RU</mx:subfield></mx:datafield><mx:datafield mx:tag="084" mx:ind1=" " mx:ind2=" "><mx:subfield mx:code="a">020</mx:subfield><mx:subfield mx:code="q">DE-600</mx:subfield><mx:subfield mx:code="2">sdnb</mx:subfield></mx:datafield><mx:datafield mx:tag="110" mx:ind1="2" mx:ind2=" "><mx:subfield mx:code="0">(DE-588)16093884-3</mx:subfield><mx:subfield mx:code="0">(DE-101)1009079247</mx:subfield><mx:subfield mx:code="a">Prezidentskaja Biblioteka Imeni Borisa Nikolaeviča Elʹzina</mx:subfield><mx:subfield mx:code="g">Sankt Petersburg</mx:subfield><mx:subfield mx:code="4">aut</mx:subfield></mx:datafield><mx:datafield mx:tag="245" mx:ind1="1" mx:ind2="0"><mx:subfield mx:code="a">Ežegodnyj otčet / Prezidentskaja Biblioteka Imeni B. N. Elʹcina</mx:subfield></mx:datafield><mx:datafield mx:tag="260" mx:ind1="3" mx:ind2=" "><mx:subfield mx:code="a">Sankt Peterburg</mx:subfield><mx:subfield mx:code="b">[s.n.]</mx:subfield></mx:datafield><mx:datafield mx:tag="362" mx:ind1="0" mx:ind2=" "><mx:subfield mx:code="a">2011(2012) -</mx:subfield></mx:datafield><mx:datafield mx:tag="363" mx:ind1="0" mx:ind2="1"><mx:subfield mx:code="8">1.1\x</mx:subfield><mx:subfield mx:code="i">2011 </mx:subfield></mx:datafield><mx:datafield mx:tag="546" mx:ind1=" " mx:ind2=" "><mx:subfield mx:code="a">In kyrill. Schr.; Text russ.</mx:subfield></mx:datafield><mx:datafield mx:tag="775" mx:ind1="0" mx:ind2="8"><mx:subfield mx:code="i">Engl. Ausg.</mx:subfield><mx:subfield mx:code="a">Prezidentskaja Biblioteka Imeni Borisa Nikolaeviča Elʹzina &lt;Sankt Petersburg></mx:subfield><mx:subfield mx:code="t">Annual report / Boris Yeltsin Presidential Library</mx:subfield><mx:subfield mx:code="w">(DE-600)2654089-7</mx:subfield><mx:subfield mx:code="w">(DE-101)1020468351</mx:subfield></mx:datafield></mx:record>