<mx:record mx:type="Bibliographic" mx:format="MARC21"><mx:leader>00939nas a2200301 c 4500</mx:leader><mx:controlfield mx:tag="001">1024783170</mx:controlfield><mx:controlfield mx:tag="004">DE-101</mx:controlfield><mx:controlfield mx:tag="005">20120802124511.0</mx:controlfield><mx:controlfield mx:tag="007">tu</mx:controlfield><mx:controlfield mx:tag="008">120802c20129999gw e||n|r l|| 0||||0ger c</mx:controlfield><mx:datafield mx:tag="016" mx:ind1="7" mx:ind2=" "><mx:subfield mx:code="2">DE-101</mx:subfield><mx:subfield mx:code="a">1024783170</mx:subfield></mx:datafield><mx:datafield mx:tag="016" mx:ind1="7" mx:ind2=" "><mx:subfield mx:code="2">DE-600</mx:subfield><mx:subfield mx:code="a">2675875-1</mx:subfield></mx:datafield><mx:datafield mx:tag="035" mx:ind1=" " mx:ind2=" "><mx:subfield mx:code="a">(DE-599)ZDB2675875-1</mx:subfield></mx:datafield><mx:datafield mx:tag="040" mx:ind1=" " mx:ind2=" "><mx:subfield mx:code="a">1241</mx:subfield><mx:subfield mx:code="b">ger</mx:subfield><mx:subfield mx:code="c">DE-101</mx:subfield><mx:subfield mx:code="d">1241</mx:subfield></mx:datafield><mx:datafield mx:tag="041" mx:ind1=" " mx:ind2=" "><mx:subfield mx:code="a">ger</mx:subfield></mx:datafield><mx:datafield mx:tag="044" mx:ind1=" " mx:ind2=" "><mx:subfield mx:code="c">XA-DE</mx:subfield></mx:datafield><mx:datafield mx:tag="084" mx:ind1=" " mx:ind2=" "><mx:subfield mx:code="a">350</mx:subfield><mx:subfield mx:code="q">DE-101</mx:subfield><mx:subfield mx:code="2">sdnb</mx:subfield></mx:datafield><mx:datafield mx:tag="084" mx:ind1=" " mx:ind2=" "><mx:subfield mx:code="a">350</mx:subfield><mx:subfield mx:code="q">DE-600</mx:subfield><mx:subfield mx:code="2">sdnb</mx:subfield></mx:datafield><mx:datafield mx:tag="110" mx:ind1="2" mx:ind2=" "><mx:subfield mx:code="0">(DE-588)24279-2</mx:subfield><mx:subfield mx:code="0">(DE-101)000242799</mx:subfield><mx:subfield mx:code="a">Grenzach-Wyhlen</mx:subfield><mx:subfield mx:code="4">aut</mx:subfield></mx:datafield><mx:datafield mx:tag="245" mx:ind1="1" mx:ind2="0"><mx:subfield mx:code="a">Info / Grenzach-Wyhlen </mx:subfield><mx:subfield mx:code="b">amtliches Mitteilungsblatt</mx:subfield></mx:datafield><mx:datafield mx:tag="260" mx:ind1="3" mx:ind2=" "><mx:subfield mx:code="a">Stockach</mx:subfield><mx:subfield mx:code="b">Primo-Verl.</mx:subfield></mx:datafield><mx:datafield mx:tag="300" mx:ind1=" " mx:ind2=" "><mx:subfield mx:code="c">30 cm</mx:subfield></mx:datafield><mx:datafield mx:tag="362" mx:ind1="0" mx:ind2=" "><mx:subfield mx:code="a">37.2012,14 -</mx:subfield></mx:datafield><mx:datafield mx:tag="363" mx:ind1="0" mx:ind2="1"><mx:subfield mx:code="8">1.1\x</mx:subfield><mx:subfield mx:code="a">37</mx:subfield><mx:subfield mx:code="i">2012</mx:subfield></mx:datafield><mx:datafield mx:tag="515" mx:ind1=" " mx:ind2=" "><mx:subfield mx:code="a">Periodizität: vierzehntägl.</mx:subfield></mx:datafield><mx:datafield mx:tag="751" mx:ind1=" " mx:ind2=" "><mx:subfield mx:code="0">(DE-588)24279-2</mx:subfield><mx:subfield mx:code="0">(DE-101)000242799</mx:subfield><mx:subfield mx:code="a">Grenzach-Wyhlen</mx:subfield><mx:subfield mx:code="4">dbp</mx:subfield><mx:subfield mx:code="2">gnd</mx:subfield></mx:datafield><mx:datafield mx:tag="780" mx:ind1="0" mx:ind2="0"><mx:subfield mx:code="i">Vorg.:</mx:subfield><mx:subfield mx:code="a">Grenzach-Wyhlen</mx:subfield><mx:subfield mx:code="t">Mitteilungsblatt Grenzach-Wyhlen</mx:subfield><mx:subfield mx:code="w">(DE-600)522606-5</mx:subfield><mx:subfield mx:code="w">(DE-101)012785911</mx:subfield></mx:datafield><mx:datafield mx:tag="925" mx:ind1="r" mx:ind2=" "><mx:subfield mx:code="a">ra</mx:subfield></mx:datafield></mx:record>