<mx:record mx:type="Bibliographic" mx:format="MARC21"><mx:leader>01300nas a2200301 c 4500</mx:leader><mx:controlfield mx:tag="001">1024781097</mx:controlfield><mx:controlfield mx:tag="004">DE-101</mx:controlfield><mx:controlfield mx:tag="005">20120802090718.0</mx:controlfield><mx:controlfield mx:tag="007">cr||||||||||||</mx:controlfield><mx:controlfield mx:tag="008">120802c20129999gw u||m|o ||| 0||||0||| c</mx:controlfield><mx:datafield mx:tag="016" mx:ind1="7" mx:ind2=" "><mx:subfield mx:code="2">DE-101</mx:subfield><mx:subfield mx:code="a">1024781097</mx:subfield></mx:datafield><mx:datafield mx:tag="016" mx:ind1="7" mx:ind2=" "><mx:subfield mx:code="2">DE-600</mx:subfield><mx:subfield mx:code="a">2675861-1</mx:subfield></mx:datafield><mx:datafield mx:tag="029" mx:ind1="a" mx:ind2="d"><mx:subfield mx:code="a">2191-4907</mx:subfield></mx:datafield><mx:datafield mx:tag="035" mx:ind1=" " mx:ind2=" "><mx:subfield mx:code="a">(DE-599)ZDB2675861-1</mx:subfield></mx:datafield><mx:datafield mx:tag="040" mx:ind1=" " mx:ind2=" "><mx:subfield mx:code="a">0046</mx:subfield><mx:subfield mx:code="b">ger</mx:subfield><mx:subfield mx:code="c">DE-101</mx:subfield><mx:subfield mx:code="d">0046</mx:subfield></mx:datafield><mx:datafield mx:tag="044" mx:ind1=" " mx:ind2=" "><mx:subfield mx:code="c">XA-DE</mx:subfield></mx:datafield><mx:datafield mx:tag="084" mx:ind1=" " mx:ind2=" "><mx:subfield mx:code="a">330</mx:subfield><mx:subfield mx:code="q">DE-600</mx:subfield><mx:subfield mx:code="2">sdnb</mx:subfield></mx:datafield><mx:datafield mx:tag="245" mx:ind1="1" mx:ind2="0"><mx:subfield mx:code="a">RessourcenKultur</mx:subfield><mx:subfield mx:code="h">[Elektronische Ressource]</mx:subfield><mx:subfield mx:code="b">Vertrauenskultur, Innovation, Ressourceneffinzienz</mx:subfield><mx:subfield mx:code="n">[...]</mx:subfield><mx:subfield mx:code="p">Sonderausgabe</mx:subfield><mx:subfield mx:code="c">artec, Forschungszentrum Nachhaltigkeit ; Wuppertal Institut</mx:subfield></mx:datafield><mx:datafield mx:tag="246" mx:ind1="1" mx:ind2="9"><mx:subfield mx:code="a">RessourcenKultur [[Elektronische Ressource]]  / Sonderausgabe</mx:subfield></mx:datafield><mx:datafield mx:tag="260" mx:ind1="3" mx:ind2=" "><mx:subfield mx:code="a">Bremen</mx:subfield><mx:subfield mx:code="b">artec, Forschungszentrum Nachhaltigkeit</mx:subfield></mx:datafield><mx:datafield mx:tag="260" mx:ind1="3" mx:ind2=" "><mx:subfield mx:code="a">Wuppertal</mx:subfield><mx:subfield mx:code="b">Wuppertal Institut für Klima, Umwelt, Energie</mx:subfield></mx:datafield><mx:datafield mx:tag="300" mx:ind1=" " mx:ind2=" "><mx:subfield mx:code="a">Online-Ressource</mx:subfield></mx:datafield><mx:datafield mx:tag="362" mx:ind1="0" mx:ind2=" "><mx:subfield mx:code="a">1.2012 -</mx:subfield></mx:datafield><mx:datafield mx:tag="363" mx:ind1="0" mx:ind2="1"><mx:subfield mx:code="8">1.1\x</mx:subfield><mx:subfield mx:code="i">2012</mx:subfield></mx:datafield><mx:datafield mx:tag="710" mx:ind1="2" mx:ind2=" "><mx:subfield mx:code="0">(DE-588)10077304-7</mx:subfield><mx:subfield mx:code="0">(DE-101)970998066</mx:subfield><mx:subfield mx:code="a">Forschungszentrum Nachhaltigkeit (Artec)</mx:subfield><mx:subfield mx:code="g">Bremen</mx:subfield></mx:datafield><mx:datafield mx:tag="710" mx:ind1="2" mx:ind2=" "><mx:subfield mx:code="0">(DE-588)6052682-8</mx:subfield><mx:subfield mx:code="0">(DE-101)979168228</mx:subfield><mx:subfield mx:code="a">Wuppertal-Institut für Klima, Umwelt, Energie</mx:subfield><mx:subfield mx:code="b">Forschungsgruppe Nachhaltiges Produzieren und Konsumieren</mx:subfield></mx:datafield><mx:datafield mx:tag="775" mx:ind1="0" mx:ind2="8"><mx:subfield mx:code="i">Druckausg.:</mx:subfield><mx:subfield mx:code="t">RessourcenKultur / Sonderausgabe</mx:subfield><mx:subfield mx:code="w">(DE-600)2675858-1</mx:subfield><mx:subfield mx:code="w">(DE-101)1024780945</mx:subfield></mx:datafield><mx:datafield mx:tag="930" mx:ind1=" " mx:ind2=" "><mx:subfield mx:code="a">Sonderausgabe</mx:subfield></mx:datafield></mx:record>