<mx:record mx:type="Bibliographic" mx:format="MARC21"><mx:leader>00963nas a2200313 c 4500</mx:leader><mx:controlfield mx:tag="001">1024780600</mx:controlfield><mx:controlfield mx:tag="004">DE-101</mx:controlfield><mx:controlfield mx:tag="005">20120802085258.0</mx:controlfield><mx:controlfield mx:tag="007">tu</mx:controlfield><mx:controlfield mx:tag="008">120802c20129999gw a||p|r ||| 0||||0ger c</mx:controlfield><mx:datafield mx:tag="016" mx:ind1="7" mx:ind2=" "><mx:subfield mx:code="2">DE-101</mx:subfield><mx:subfield mx:code="a">1024780600</mx:subfield></mx:datafield><mx:datafield mx:tag="016" mx:ind1="7" mx:ind2=" "><mx:subfield mx:code="2">DE-600</mx:subfield><mx:subfield mx:code="a">2675854-4</mx:subfield></mx:datafield><mx:datafield mx:tag="035" mx:ind1=" " mx:ind2=" "><mx:subfield mx:code="a">(DE-599)ZDB2675854-4</mx:subfield></mx:datafield><mx:datafield mx:tag="040" mx:ind1=" " mx:ind2=" "><mx:subfield mx:code="a">1141</mx:subfield><mx:subfield mx:code="b">ger</mx:subfield><mx:subfield mx:code="c">DE-101</mx:subfield><mx:subfield mx:code="d">1141</mx:subfield></mx:datafield><mx:datafield mx:tag="041" mx:ind1=" " mx:ind2=" "><mx:subfield mx:code="a">ger</mx:subfield></mx:datafield><mx:datafield mx:tag="044" mx:ind1=" " mx:ind2=" "><mx:subfield mx:code="c">XA-DE</mx:subfield></mx:datafield><mx:datafield mx:tag="084" mx:ind1=" " mx:ind2=" "><mx:subfield mx:code="a">914.3</mx:subfield><mx:subfield mx:code="q">DE-101</mx:subfield><mx:subfield mx:code="2">sdnb</mx:subfield></mx:datafield><mx:datafield mx:tag="084" mx:ind1=" " mx:ind2=" "><mx:subfield mx:code="a">914.3</mx:subfield><mx:subfield mx:code="q">DE-600</mx:subfield><mx:subfield mx:code="2">sdnb</mx:subfield></mx:datafield><mx:datafield mx:tag="245" mx:ind1="1" mx:ind2="0"><mx:subfield mx:code="a">Ferienzeitung Brandenburg</mx:subfield><mx:subfield mx:code="n">[...]</mx:subfield><mx:subfield mx:code="p">Ruppiner Seenland, Prignitz, Oberhavel</mx:subfield></mx:datafield><mx:datafield mx:tag="246" mx:ind1="1" mx:ind2="9"><mx:subfield mx:code="a">Ferienzeitung Brandenburg / Ruppiner Land, Prignitz, Oberhavel</mx:subfield></mx:datafield><mx:datafield mx:tag="260" mx:ind1="3" mx:ind2=" "><mx:subfield mx:code="a">Berlin</mx:subfield><mx:subfield mx:code="b">Terra Press GmbH</mx:subfield></mx:datafield><mx:datafield mx:tag="300" mx:ind1=" " mx:ind2=" "><mx:subfield mx:code="c">34 cm</mx:subfield></mx:datafield><mx:datafield mx:tag="362" mx:ind1="0" mx:ind2=" "><mx:subfield mx:code="a">2012 -</mx:subfield></mx:datafield><mx:datafield mx:tag="363" mx:ind1="0" mx:ind2="1"><mx:subfield mx:code="8">1.1\x</mx:subfield><mx:subfield mx:code="i">2012</mx:subfield></mx:datafield><mx:datafield mx:tag="365" mx:ind1=" " mx:ind2=" "><mx:subfield mx:code="b">EUR 1.50 (Einzelbd.)</mx:subfield></mx:datafield><mx:datafield mx:tag="515" mx:ind1=" " mx:ind2=" "><mx:subfield mx:code="a">Ersch. jährl.</mx:subfield></mx:datafield><mx:datafield mx:tag="780" mx:ind1="0" mx:ind2="0"><mx:subfield mx:code="i">Vorg.:</mx:subfield><mx:subfield mx:code="t">Ferienzeitung / Ruppiner Land, Prignitz, Oberhavel</mx:subfield><mx:subfield mx:code="w">(DE-600)2388036-3</mx:subfield><mx:subfield mx:code="w">(DE-101)98573972X</mx:subfield></mx:datafield><mx:datafield mx:tag="925" mx:ind1="r" mx:ind2=" "><mx:subfield mx:code="a">ra</mx:subfield></mx:datafield><mx:datafield mx:tag="930" mx:ind1=" " mx:ind2=" "><mx:subfield mx:code="a">Ruppiner Seenland, Prignitz, Oberhavel</mx:subfield></mx:datafield></mx:record>