<mx:record mx:type="Bibliographic" mx:format="MARC21"><mx:leader>01040nas a2200289 c 4500</mx:leader><mx:controlfield mx:tag="001">1024779696</mx:controlfield><mx:controlfield mx:tag="004">DE-101</mx:controlfield><mx:controlfield mx:tag="005">20120802083329.0</mx:controlfield><mx:controlfield mx:tag="007">cr||||||||||||</mx:controlfield><mx:controlfield mx:tag="008">120802c20129999xx u||p|o ||| 0||||0eng c</mx:controlfield><mx:datafield mx:tag="016" mx:ind1="7" mx:ind2=" "><mx:subfield mx:code="2">DE-101</mx:subfield><mx:subfield mx:code="a">1024779696</mx:subfield></mx:datafield><mx:datafield mx:tag="016" mx:ind1="7" mx:ind2=" "><mx:subfield mx:code="2">DE-600</mx:subfield><mx:subfield mx:code="a">2675850-7</mx:subfield></mx:datafield><mx:datafield mx:tag="022" mx:ind1=" " mx:ind2=" "><mx:subfield mx:code="a">1800-9581</mx:subfield></mx:datafield><mx:datafield mx:tag="035" mx:ind1=" " mx:ind2=" "><mx:subfield mx:code="a">(DE-599)ZDB2675850-7</mx:subfield></mx:datafield><mx:datafield mx:tag="040" mx:ind1=" " mx:ind2=" "><mx:subfield mx:code="a">0355</mx:subfield><mx:subfield mx:code="b">ger</mx:subfield><mx:subfield mx:code="c">DE-101</mx:subfield><mx:subfield mx:code="d">0355</mx:subfield></mx:datafield><mx:datafield mx:tag="041" mx:ind1=" " mx:ind2=" "><mx:subfield mx:code="a">eng</mx:subfield></mx:datafield><mx:datafield mx:tag="044" mx:ind1=" " mx:ind2=" "><mx:subfield mx:code="c">XA-ME</mx:subfield></mx:datafield><mx:datafield mx:tag="084" mx:ind1=" " mx:ind2=" "><mx:subfield mx:code="a">330</mx:subfield><mx:subfield mx:code="q">DE-600</mx:subfield><mx:subfield mx:code="2">sdnb</mx:subfield></mx:datafield><mx:datafield mx:tag="245" mx:ind1="1" mx:ind2="0"><mx:subfield mx:code="a">Journal of central banking theory and practice</mx:subfield><mx:subfield mx:code="h">[Elektronische Ressource]</mx:subfield><mx:subfield mx:code="c">Central Bank of Montenegro</mx:subfield></mx:datafield><mx:datafield mx:tag="246" mx:ind1="1" mx:ind2="3"><mx:subfield mx:code="i">Nebent.</mx:subfield><mx:subfield mx:code="a">Journal of central banking</mx:subfield></mx:datafield><mx:datafield mx:tag="260" mx:ind1="3" mx:ind2=" "><mx:subfield mx:code="a">Podgorica</mx:subfield><mx:subfield mx:code="b">[s.n.]</mx:subfield></mx:datafield><mx:datafield mx:tag="300" mx:ind1=" " mx:ind2=" "><mx:subfield mx:code="a">Online-Ressource</mx:subfield></mx:datafield><mx:datafield mx:tag="362" mx:ind1="0" mx:ind2=" "><mx:subfield mx:code="a">1.2012 -</mx:subfield></mx:datafield><mx:datafield mx:tag="710" mx:ind1="2" mx:ind2=" "><mx:subfield mx:code="0">(DE-588)10130226-5</mx:subfield><mx:subfield mx:code="0">(DE-101)978798600</mx:subfield><mx:subfield mx:code="a">Centralna Banka Crne Gore</mx:subfield></mx:datafield><mx:datafield mx:tag="775" mx:ind1="0" mx:ind2="8"><mx:subfield mx:code="i">Druckausg.</mx:subfield><mx:subfield mx:code="t">Journal of central banking theory and practice</mx:subfield><mx:subfield mx:code="w">(DE-600)2673361-4</mx:subfield><mx:subfield mx:code="w">(DE-101)1024305473</mx:subfield></mx:datafield><mx:datafield mx:tag="856" mx:ind1="4" mx:ind2=" "><mx:subfield mx:code="u">http://www.cb-mn.org/eng/index.php?bl=journal</mx:subfield><mx:subfield mx:code="x">Verlag</mx:subfield><mx:subfield mx:code="z">kostenfrei</mx:subfield></mx:datafield><mx:datafield mx:tag="856" mx:ind1="4" mx:ind2=" "><mx:subfield mx:code="u">http://www.bibliothek.uni-regensburg.de/ezeit/?2675850</mx:subfield><mx:subfield mx:code="x">EZB</mx:subfield></mx:datafield></mx:record>