<mx:record mx:type="Bibliographic" mx:format="MARC21"><mx:leader>01853nas a2200433 c 4500</mx:leader><mx:controlfield mx:tag="001">1024757986</mx:controlfield><mx:controlfield mx:tag="004">DE-101</mx:controlfield><mx:controlfield mx:tag="005">20120802083041.0</mx:controlfield><mx:controlfield mx:tag="007">tu</mx:controlfield><mx:controlfield mx:tag="008">120801c20129999au w||n|r ||| 0||||0ger c</mx:controlfield><mx:datafield mx:tag="016" mx:ind1="7" mx:ind2=" "><mx:subfield mx:code="2">DE-101</mx:subfield><mx:subfield mx:code="a">1024757986</mx:subfield></mx:datafield><mx:datafield mx:tag="016" mx:ind1="7" mx:ind2=" "><mx:subfield mx:code="2">DE-600</mx:subfield><mx:subfield mx:code="a">2675787-4</mx:subfield></mx:datafield><mx:datafield mx:tag="035" mx:ind1=" " mx:ind2=" "><mx:subfield mx:code="a">(DE-599)ZDB2675787-4</mx:subfield></mx:datafield><mx:datafield mx:tag="040" mx:ind1=" " mx:ind2=" "><mx:subfield mx:code="a">4060</mx:subfield><mx:subfield mx:code="b">ger</mx:subfield><mx:subfield mx:code="c">DE-101</mx:subfield><mx:subfield mx:code="d">4060</mx:subfield></mx:datafield><mx:datafield mx:tag="041" mx:ind1=" " mx:ind2=" "><mx:subfield mx:code="a">ger</mx:subfield></mx:datafield><mx:datafield mx:tag="044" mx:ind1=" " mx:ind2=" "><mx:subfield mx:code="c">XA-AT</mx:subfield></mx:datafield><mx:datafield mx:tag="084" mx:ind1=" " mx:ind2=" "><mx:subfield mx:code="a">070</mx:subfield><mx:subfield mx:code="q">DE-600</mx:subfield><mx:subfield mx:code="2">sdnb</mx:subfield></mx:datafield><mx:datafield mx:tag="090" mx:ind1=" " mx:ind2=" "><mx:subfield mx:code="n">ao</mx:subfield><mx:subfield mx:code="n">lp</mx:subfield></mx:datafield><mx:datafield mx:tag="245" mx:ind1="1" mx:ind2="0"><mx:subfield mx:code="a">Meine Woche</mx:subfield><mx:subfield mx:code="n">[...]</mx:subfield><mx:subfield mx:code="p">St. Veit</mx:subfield></mx:datafield><mx:datafield mx:tag="246" mx:ind1="1" mx:ind2="9"><mx:subfield mx:code="a">Meine Woche / St. Veit</mx:subfield></mx:datafield><mx:datafield mx:tag="246" mx:ind1="1" mx:ind2="3"><mx:subfield mx:code="a">Meine Woche / Sankt Veit</mx:subfield></mx:datafield><mx:datafield mx:tag="246" mx:ind1="1" mx:ind2="3"><mx:subfield mx:code="i">Nebent.</mx:subfield><mx:subfield mx:code="a">Woche St. Veit</mx:subfield></mx:datafield><mx:datafield mx:tag="247" mx:ind1="1" mx:ind2="0"><mx:subfield mx:code="a">Kärntner Woche</mx:subfield><mx:subfield mx:code="f">Nebent. d. 1. OG</mx:subfield></mx:datafield><mx:datafield mx:tag="260" mx:ind1="3" mx:ind2=" "><mx:subfield mx:code="a">Klagenfurt</mx:subfield><mx:subfield mx:code="b">Kärntner Woche Zeitungs-GmbH</mx:subfield></mx:datafield><mx:datafield mx:tag="362" mx:ind1="0" mx:ind2=" "><mx:subfield mx:code="a">2012,19(9.Mai) -</mx:subfield></mx:datafield><mx:datafield mx:tag="363" mx:ind1="0" mx:ind2="1"><mx:subfield mx:code="8">1.1\x</mx:subfield><mx:subfield mx:code="b">19</mx:subfield><mx:subfield mx:code="i">2012</mx:subfield></mx:datafield><mx:datafield mx:tag="515" mx:ind1=" " mx:ind2=" "><mx:subfield mx:code="a">Periodizität: wöchentl.</mx:subfield></mx:datafield><mx:datafield mx:tag="751" mx:ind1=" " mx:ind2=" "><mx:subfield mx:code="0">(DE-588)1023732653</mx:subfield><mx:subfield mx:code="0">(DE-101)1023732653</mx:subfield><mx:subfield mx:code="a">Klagenfurt am Wörthersee</mx:subfield><mx:subfield mx:code="4">dbp</mx:subfield><mx:subfield mx:code="2">gnd</mx:subfield></mx:datafield><mx:datafield mx:tag="751" mx:ind1=" " mx:ind2=" "><mx:subfield mx:code="0">(DE-588)4051627-1</mx:subfield><mx:subfield mx:code="0">(DE-101)04051627X</mx:subfield><mx:subfield mx:code="a">Sankt Veit, Glan</mx:subfield><mx:subfield mx:code="4">dbp</mx:subfield><mx:subfield mx:code="2">gnd</mx:subfield></mx:datafield><mx:datafield mx:tag="775" mx:ind1="0" mx:ind2="8"><mx:subfield mx:code="i">Parallelausg.:</mx:subfield><mx:subfield mx:code="t">Meine Woche / Völkermarkt</mx:subfield><mx:subfield mx:code="w">(DE-600)2675706-0</mx:subfield><mx:subfield mx:code="w">(DE-101)1024749592</mx:subfield></mx:datafield><mx:datafield mx:tag="775" mx:ind1="0" mx:ind2="8"><mx:subfield mx:code="i">Parallelausg.:</mx:subfield><mx:subfield mx:code="t">Meine Woche / Villach</mx:subfield><mx:subfield mx:code="w">(DE-600)2675714-X</mx:subfield><mx:subfield mx:code="w">(DE-101)102475040X</mx:subfield></mx:datafield><mx:datafield mx:tag="775" mx:ind1="0" mx:ind2="8"><mx:subfield mx:code="i">Parallelausg.:</mx:subfield><mx:subfield mx:code="t">Meine Woche / Spittal</mx:subfield><mx:subfield mx:code="w">(DE-600)2675719-9</mx:subfield><mx:subfield mx:code="w">(DE-101)1024750965</mx:subfield></mx:datafield><mx:datafield mx:tag="775" mx:ind1="0" mx:ind2="8"><mx:subfield mx:code="i">Parallelausg.:</mx:subfield><mx:subfield mx:code="t">Meine Woche / Lavanttal</mx:subfield><mx:subfield mx:code="w">(DE-600)2675739-4</mx:subfield><mx:subfield mx:code="w">(DE-101)1024752208</mx:subfield></mx:datafield><mx:datafield mx:tag="775" mx:ind1="0" mx:ind2="8"><mx:subfield mx:code="i">Parallelausg.:</mx:subfield><mx:subfield mx:code="t">Meine Woche / Klagenfurt Land</mx:subfield><mx:subfield mx:code="w">(DE-600)2675740-0</mx:subfield><mx:subfield mx:code="w">(DE-101)1024752410</mx:subfield></mx:datafield><mx:datafield mx:tag="775" mx:ind1="0" mx:ind2="8"><mx:subfield mx:code="i">Parallelausg.:</mx:subfield><mx:subfield mx:code="t">Meine Woche / Klagenfurt</mx:subfield><mx:subfield mx:code="w">(DE-600)2675776-X</mx:subfield><mx:subfield mx:code="w">(DE-101)1024757080</mx:subfield></mx:datafield><mx:datafield mx:tag="775" mx:ind1="0" mx:ind2="8"><mx:subfield mx:code="i">Parallelausg.:</mx:subfield><mx:subfield mx:code="t">Meine Woche / Gailtal</mx:subfield><mx:subfield mx:code="w">(DE-600)2675782-5</mx:subfield><mx:subfield mx:code="w">(DE-101)1024757579</mx:subfield></mx:datafield><mx:datafield mx:tag="775" mx:ind1="0" mx:ind2="8"><mx:subfield mx:code="i">Parallelausg.:</mx:subfield><mx:subfield mx:code="t">Meine Woche / Feldkirchen</mx:subfield><mx:subfield mx:code="w">(DE-600)2675783-7</mx:subfield><mx:subfield mx:code="w">(DE-101)1024757757</mx:subfield></mx:datafield><mx:datafield mx:tag="780" mx:ind1="0" mx:ind2="0"><mx:subfield mx:code="i">Vorg.:</mx:subfield><mx:subfield mx:code="t">Kärntner Woche / Sankt Veit</mx:subfield><mx:subfield mx:code="w">(DE-600)2607761-9</mx:subfield><mx:subfield mx:code="w">(DE-101)1011621029</mx:subfield></mx:datafield><mx:datafield mx:tag="930" mx:ind1=" " mx:ind2=" "><mx:subfield mx:code="a">St. Veit</mx:subfield></mx:datafield></mx:record>