<mx:record mx:type="Bibliographic" mx:format="MARC21"><mx:leader>01772nas a2200445 c 4500</mx:leader><mx:controlfield mx:tag="001">1024516296</mx:controlfield><mx:controlfield mx:tag="004">DE-101</mx:controlfield><mx:controlfield mx:tag="005">20120802082416.0</mx:controlfield><mx:controlfield mx:tag="007">co||||||||||||</mx:controlfield><mx:controlfield mx:tag="008">120724c20129999gw z||p|q ||| 0||||0ger c</mx:controlfield><mx:datafield mx:tag="016" mx:ind1="7" mx:ind2=" "><mx:subfield mx:code="2">DE-101</mx:subfield><mx:subfield mx:code="a">1024516296</mx:subfield></mx:datafield><mx:datafield mx:tag="016" mx:ind1="7" mx:ind2=" "><mx:subfield mx:code="2">DE-600</mx:subfield><mx:subfield mx:code="a">2674402-8</mx:subfield></mx:datafield><mx:datafield mx:tag="035" mx:ind1=" " mx:ind2=" "><mx:subfield mx:code="a">(DE-599)ZDB2674402-8</mx:subfield></mx:datafield><mx:datafield mx:tag="040" mx:ind1=" " mx:ind2=" "><mx:subfield mx:code="a">1241</mx:subfield><mx:subfield mx:code="b">ger</mx:subfield><mx:subfield mx:code="c">DE-101</mx:subfield><mx:subfield mx:code="d">1250</mx:subfield></mx:datafield><mx:datafield mx:tag="041" mx:ind1=" " mx:ind2=" "><mx:subfield mx:code="a">ger</mx:subfield></mx:datafield><mx:datafield mx:tag="044" mx:ind1=" " mx:ind2=" "><mx:subfield mx:code="c">XA-DE</mx:subfield></mx:datafield><mx:datafield mx:tag="082" mx:ind1="0" mx:ind2="4"><mx:subfield mx:code="8">1\x</mx:subfield><mx:subfield mx:code="a">617.600681</mx:subfield><mx:subfield mx:code="q">DE-101</mx:subfield><mx:subfield mx:code="2">22/ger</mx:subfield></mx:datafield><mx:datafield mx:tag="084" mx:ind1=" " mx:ind2=" "><mx:subfield mx:code="a">610</mx:subfield><mx:subfield mx:code="q">DE-101</mx:subfield><mx:subfield mx:code="2">sdnb</mx:subfield></mx:datafield><mx:datafield mx:tag="084" mx:ind1=" " mx:ind2=" "><mx:subfield mx:code="a">610</mx:subfield><mx:subfield mx:code="q">DE-600</mx:subfield><mx:subfield mx:code="2">sdnb</mx:subfield></mx:datafield><mx:datafield mx:tag="085" mx:ind1=" " mx:ind2=" "><mx:subfield mx:code="8">1\x</mx:subfield><mx:subfield mx:code="b">617.6</mx:subfield></mx:datafield><mx:datafield mx:tag="085" mx:ind1=" " mx:ind2=" "><mx:subfield mx:code="8">1\x</mx:subfield><mx:subfield mx:code="z">1</mx:subfield><mx:subfield mx:code="s">0681</mx:subfield></mx:datafield><mx:datafield mx:tag="245" mx:ind1="1" mx:ind2="0"><mx:subfield mx:code="a">Textvorlagen für die Zahnarztpraxis</mx:subfield><mx:subfield mx:code="h">[Elektronische Ressource]</mx:subfield><mx:subfield mx:code="b">perfekte Mustertexte, Formulare und Checklisten für ein erfolgreiches Praxismanagement</mx:subfield></mx:datafield><mx:datafield mx:tag="247" mx:ind1="0" mx:ind2="0"><mx:subfield mx:code="g">Hauptsacht. vom Behältnis</mx:subfield></mx:datafield><mx:datafield mx:tag="260" mx:ind1="3" mx:ind2=" "><mx:subfield mx:code="a">Balingen</mx:subfield><mx:subfield mx:code="b">Spitta</mx:subfield></mx:datafield><mx:datafield mx:tag="300" mx:ind1=" " mx:ind2=" "><mx:subfield mx:code="a">CD-ROMs</mx:subfield><mx:subfield mx:code="c">12 cm, in Behältnis 19 x 14 x 2 cm</mx:subfield><mx:subfield mx:code="e">Booklet</mx:subfield></mx:datafield><mx:datafield mx:tag="362" mx:ind1="0" mx:ind2=" "><mx:subfield mx:code="a">1.0.2012 -</mx:subfield></mx:datafield><mx:datafield mx:tag="363" mx:ind1="0" mx:ind2="1"><mx:subfield mx:code="8">1.1\x</mx:subfield><mx:subfield mx:code="a">1</mx:subfield><mx:subfield mx:code="i">2012</mx:subfield></mx:datafield><mx:datafield mx:tag="515" mx:ind1=" " mx:ind2=" "><mx:subfield mx:code="a">Ersch. unregelmäßig</mx:subfield></mx:datafield><mx:datafield mx:tag="538" mx:ind1=" " mx:ind2=" "><mx:subfield mx:code="a">Systemvoraussetzungen: Prozessor: mind. 500 MHz; RAM-Speicher: mind. 128 MB; freie Festplattenkapazität: mind. 250 MB; CD-ROM-Laufwerk; Monitor: 17", 1024 x 768 Pixel; Internet Explorer ab Version 5.0; Windows XP, Windows Vista, Windows 7</mx:subfield></mx:datafield><mx:datafield mx:tag="650" mx:ind1=" " mx:ind2="7"><mx:subfield mx:code="0">(DE-588)4067303-0</mx:subfield><mx:subfield mx:code="0">(DE-101)040673030</mx:subfield><mx:subfield mx:code="a">Zahnarzt</mx:subfield><mx:subfield mx:code="2">gnd</mx:subfield></mx:datafield><mx:datafield mx:tag="650" mx:ind1=" " mx:ind2="7"><mx:subfield mx:code="0">(DE-588)4003167-6</mx:subfield><mx:subfield mx:code="0">(DE-101)040031675</mx:subfield><mx:subfield mx:code="a">Arztpraxis</mx:subfield><mx:subfield mx:code="2">gnd</mx:subfield></mx:datafield><mx:datafield mx:tag="655" mx:ind1=" " mx:ind2="7"><mx:subfield mx:code="a">Formularsammlung</mx:subfield><mx:subfield mx:code="2">gnd</mx:subfield></mx:datafield><mx:datafield mx:tag="655" mx:ind1=" " mx:ind2="7"><mx:subfield mx:code="a">CD-ROM</mx:subfield><mx:subfield mx:code="2">gnd</mx:subfield></mx:datafield><mx:datafield mx:tag="689" mx:ind1="0" mx:ind2="0"><mx:subfield mx:code="0">(DE-588)4067303-0</mx:subfield><mx:subfield mx:code="0">(DE-101)040673030</mx:subfield><mx:subfield mx:code="D">s</mx:subfield><mx:subfield mx:code="a">Zahnarzt</mx:subfield></mx:datafield><mx:datafield mx:tag="689" mx:ind1="0" mx:ind2="1"><mx:subfield mx:code="0">(DE-588)4003167-6</mx:subfield><mx:subfield mx:code="0">(DE-101)040031675</mx:subfield><mx:subfield mx:code="D">s</mx:subfield><mx:subfield mx:code="a">Arztpraxis</mx:subfield></mx:datafield><mx:datafield mx:tag="689" mx:ind1="0" mx:ind2="2"><mx:subfield mx:code="A">f</mx:subfield><mx:subfield mx:code="a">Formularsammlung</mx:subfield></mx:datafield><mx:datafield mx:tag="689" mx:ind1="0" mx:ind2="3"><mx:subfield mx:code="A">f</mx:subfield><mx:subfield mx:code="a">CD-ROM</mx:subfield></mx:datafield><mx:datafield mx:tag="689" mx:ind1="0" mx:ind2=" "><mx:subfield mx:code="5">DE-101</mx:subfield><mx:subfield mx:code="5">DE-101</mx:subfield></mx:datafield><mx:datafield mx:tag="780" mx:ind1="0" mx:ind2="0"><mx:subfield mx:code="i">Vorg.:</mx:subfield><mx:subfield mx:code="t">Erfolgreiche Mustertexte für die Zahnarztpraxis</mx:subfield><mx:subfield mx:code="w">(DE-600)2375716-4</mx:subfield><mx:subfield mx:code="w">(DE-101)984816984</mx:subfield></mx:datafield><mx:datafield mx:tag="925" mx:ind1="r" mx:ind2=" "><mx:subfield mx:code="a">ra</mx:subfield></mx:datafield></mx:record>