<mx:record mx:type="Bibliographic" mx:format="MARC21"><mx:leader>00989nas a2200361 c 4500</mx:leader><mx:controlfield mx:tag="001">1024193225</mx:controlfield><mx:controlfield mx:tag="004">DE-101</mx:controlfield><mx:controlfield mx:tag="005">20120802093334.0</mx:controlfield><mx:controlfield mx:tag="007">tu</mx:controlfield><mx:controlfield mx:tag="008">120712c20129999gw z||p|r ||| 0||||0ger c</mx:controlfield><mx:datafield mx:tag="015" mx:ind1=" " mx:ind2=" "><mx:subfield mx:code="a">12,B32</mx:subfield><mx:subfield mx:code="2">dnb</mx:subfield></mx:datafield><mx:datafield mx:tag="016" mx:ind1="7" mx:ind2=" "><mx:subfield mx:code="2">DE-101</mx:subfield><mx:subfield mx:code="a">1024193225</mx:subfield></mx:datafield><mx:datafield mx:tag="016" mx:ind1="7" mx:ind2=" "><mx:subfield mx:code="2">DE-600</mx:subfield><mx:subfield mx:code="a">2672793-6</mx:subfield></mx:datafield><mx:datafield mx:tag="035" mx:ind1=" " mx:ind2=" "><mx:subfield mx:code="a">(DE-599)ZDB2672793-6</mx:subfield></mx:datafield><mx:datafield mx:tag="040" mx:ind1=" " mx:ind2=" "><mx:subfield mx:code="a">1241</mx:subfield><mx:subfield mx:code="b">ger</mx:subfield><mx:subfield mx:code="c">DE-101</mx:subfield><mx:subfield mx:code="d">9001</mx:subfield></mx:datafield><mx:datafield mx:tag="041" mx:ind1=" " mx:ind2=" "><mx:subfield mx:code="a">ger</mx:subfield></mx:datafield><mx:datafield mx:tag="044" mx:ind1=" " mx:ind2=" "><mx:subfield mx:code="c">XA-DE</mx:subfield></mx:datafield><mx:datafield mx:tag="082" mx:ind1="0" mx:ind2="4"><mx:subfield mx:code="8">1\x</mx:subfield><mx:subfield mx:code="a">920.043371</mx:subfield><mx:subfield mx:code="q">DE-101</mx:subfield><mx:subfield mx:code="2">22/ger</mx:subfield></mx:datafield><mx:datafield mx:tag="083" mx:ind1="0" mx:ind2=" "><mx:subfield mx:code="8">2\x</mx:subfield><mx:subfield mx:code="a">920.0434735</mx:subfield><mx:subfield mx:code="q">DE-101</mx:subfield><mx:subfield mx:code="2">22/ger</mx:subfield></mx:datafield><mx:datafield mx:tag="084" mx:ind1=" " mx:ind2=" "><mx:subfield mx:code="a">920</mx:subfield><mx:subfield mx:code="q">DE-101</mx:subfield><mx:subfield mx:code="2">sdnb</mx:subfield></mx:datafield><mx:datafield mx:tag="084" mx:ind1=" " mx:ind2=" "><mx:subfield mx:code="a">050</mx:subfield><mx:subfield mx:code="q">DE-600</mx:subfield><mx:subfield mx:code="2">sdnb</mx:subfield></mx:datafield><mx:datafield mx:tag="085" mx:ind1=" " mx:ind2=" "><mx:subfield mx:code="8">1\x</mx:subfield><mx:subfield mx:code="b">920</mx:subfield></mx:datafield><mx:datafield mx:tag="085" mx:ind1=" " mx:ind2=" "><mx:subfield mx:code="8">1\x</mx:subfield><mx:subfield mx:code="z">2</mx:subfield><mx:subfield mx:code="s">43371</mx:subfield></mx:datafield><mx:datafield mx:tag="085" mx:ind1=" " mx:ind2=" "><mx:subfield mx:code="8">2\x</mx:subfield><mx:subfield mx:code="b">920</mx:subfield></mx:datafield><mx:datafield mx:tag="085" mx:ind1=" " mx:ind2=" "><mx:subfield mx:code="8">2\x</mx:subfield><mx:subfield mx:code="z">2</mx:subfield><mx:subfield mx:code="s">434735</mx:subfield></mx:datafield><mx:datafield mx:tag="245" mx:ind1="1" mx:ind2="0"><mx:subfield mx:code="a">Wer ist wer Allgäu-Oberschwaben</mx:subfield><mx:subfield mx:code="b">... Köpfe der Region</mx:subfield></mx:datafield><mx:datafield mx:tag="246" mx:ind1="1" mx:ind2="3"><mx:subfield mx:code="i">Nebent.</mx:subfield><mx:subfield mx:code="a">Wer ist wer in Allgäu-Oberschwaben</mx:subfield></mx:datafield><mx:datafield mx:tag="260" mx:ind1="3" mx:ind2=" "><mx:subfield mx:code="a">Leutkirch im Allgäu</mx:subfield><mx:subfield mx:code="b">Allgovia media</mx:subfield></mx:datafield><mx:datafield mx:tag="300" mx:ind1=" " mx:ind2=" "><mx:subfield mx:code="c">21 cm</mx:subfield></mx:datafield><mx:datafield mx:tag="362" mx:ind1="0" mx:ind2=" "><mx:subfield mx:code="a">Aufl. 1.2012 -</mx:subfield></mx:datafield><mx:datafield mx:tag="363" mx:ind1="0" mx:ind2="1"><mx:subfield mx:code="8">1.1\x</mx:subfield><mx:subfield mx:code="a">1</mx:subfield><mx:subfield mx:code="i">2012</mx:subfield></mx:datafield><mx:datafield mx:tag="515" mx:ind1=" " mx:ind2=" "><mx:subfield mx:code="a">Ersch. unregelmäßig</mx:subfield></mx:datafield><mx:datafield mx:tag="925" mx:ind1="r" mx:ind2=" "><mx:subfield mx:code="a">rb</mx:subfield></mx:datafield></mx:record>