<mx:record mx:type="Bibliographic" mx:format="MARC21"><mx:leader>00749nas a2200277 c 4500</mx:leader><mx:controlfield mx:tag="001">1024169979</mx:controlfield><mx:controlfield mx:tag="004">DE-101</mx:controlfield><mx:controlfield mx:tag="005">20120802132652.0</mx:controlfield><mx:controlfield mx:tag="007">tu</mx:controlfield><mx:controlfield mx:tag="008">120712c20129999gw z||m|r ||| 0||||0eng c</mx:controlfield><mx:datafield mx:tag="016" mx:ind1="7" mx:ind2=" "><mx:subfield mx:code="2">DE-101</mx:subfield><mx:subfield mx:code="a">1024169979</mx:subfield></mx:datafield><mx:datafield mx:tag="016" mx:ind1="7" mx:ind2=" "><mx:subfield mx:code="2">DE-600</mx:subfield><mx:subfield mx:code="a">2672633-6</mx:subfield></mx:datafield><mx:datafield mx:tag="022" mx:ind1=" " mx:ind2=" "><mx:subfield mx:code="a">2191-8864</mx:subfield></mx:datafield><mx:datafield mx:tag="035" mx:ind1=" " mx:ind2=" "><mx:subfield mx:code="a">(DE-599)ZDB2672633-6</mx:subfield></mx:datafield><mx:datafield mx:tag="040" mx:ind1=" " mx:ind2=" "><mx:subfield mx:code="a">6999</mx:subfield><mx:subfield mx:code="b">ger</mx:subfield><mx:subfield mx:code="c">DE-101</mx:subfield><mx:subfield mx:code="d">1250</mx:subfield></mx:datafield><mx:datafield mx:tag="041" mx:ind1=" " mx:ind2=" "><mx:subfield mx:code="a">eng</mx:subfield></mx:datafield><mx:datafield mx:tag="044" mx:ind1=" " mx:ind2=" "><mx:subfield mx:code="c">XA-DE</mx:subfield><mx:subfield mx:code="c">XA-CH</mx:subfield><mx:subfield mx:code="c">XA-AT</mx:subfield></mx:datafield><mx:datafield mx:tag="084" mx:ind1=" " mx:ind2=" "><mx:subfield mx:code="a">900</mx:subfield><mx:subfield mx:code="a">940</mx:subfield><mx:subfield mx:code="q">DE-101</mx:subfield><mx:subfield mx:code="2">sdnb</mx:subfield></mx:datafield><mx:datafield mx:tag="084" mx:ind1=" " mx:ind2=" "><mx:subfield mx:code="a">900</mx:subfield><mx:subfield mx:code="a">940</mx:subfield><mx:subfield mx:code="q">DE-600</mx:subfield><mx:subfield mx:code="2">sdnb</mx:subfield></mx:datafield><mx:datafield mx:tag="245" mx:ind1="1" mx:ind2="0"><mx:subfield mx:code="a">Eastern and central European studies</mx:subfield></mx:datafield><mx:datafield mx:tag="260" mx:ind1="3" mx:ind2=" "><mx:subfield mx:code="a">Frankfurt, M.</mx:subfield><mx:subfield mx:code="a">Bern</mx:subfield><mx:subfield mx:code="a">Berlin</mx:subfield><mx:subfield mx:code="a">Bruxelles</mx:subfield><mx:subfield mx:code="a">New York, NY</mx:subfield><mx:subfield mx:code="a">Oxford</mx:subfield><mx:subfield mx:code="a">Wien</mx:subfield><mx:subfield mx:code="b">Lang</mx:subfield></mx:datafield><mx:datafield mx:tag="300" mx:ind1=" " mx:ind2=" "><mx:subfield mx:code="c">22 cm</mx:subfield></mx:datafield><mx:datafield mx:tag="362" mx:ind1="0" mx:ind2=" "><mx:subfield mx:code="a">1.2012 -</mx:subfield></mx:datafield><mx:datafield mx:tag="363" mx:ind1="0" mx:ind2="1"><mx:subfield mx:code="8">1.1\x</mx:subfield><mx:subfield mx:code="a">1</mx:subfield><mx:subfield mx:code="i">2012</mx:subfield></mx:datafield><mx:datafield mx:tag="515" mx:ind1=" " mx:ind2=" "><mx:subfield mx:code="a">Ersch. unregelmäßig</mx:subfield></mx:datafield><mx:datafield mx:tag="925" mx:ind1="r" mx:ind2=" "><mx:subfield mx:code="a">ra</mx:subfield></mx:datafield></mx:record>