<mx:record mx:type="Bibliographic" mx:format="MARC21"><mx:leader>01263nas a2200349 c 4500</mx:leader><mx:controlfield mx:tag="001">1023782529</mx:controlfield><mx:controlfield mx:tag="004">DE-101</mx:controlfield><mx:controlfield mx:tag="005">20120802082902.0</mx:controlfield><mx:controlfield mx:tag="007">cr||||||||||||</mx:controlfield><mx:controlfield mx:tag="008">120628c20129999xxku||p|o ||| 0||||0eng c</mx:controlfield><mx:datafield mx:tag="016" mx:ind1="7" mx:ind2=" "><mx:subfield mx:code="2">DE-101</mx:subfield><mx:subfield mx:code="a">1023782529</mx:subfield></mx:datafield><mx:datafield mx:tag="016" mx:ind1="7" mx:ind2=" "><mx:subfield mx:code="2">DE-600</mx:subfield><mx:subfield mx:code="a">2669168-1</mx:subfield></mx:datafield><mx:datafield mx:tag="022" mx:ind1=" " mx:ind2=" "><mx:subfield mx:code="a">2047-7716</mx:subfield></mx:datafield><mx:datafield mx:tag="029" mx:ind1="a" mx:ind2="d"><mx:subfield mx:code="a">0305-7674</mx:subfield></mx:datafield><mx:datafield mx:tag="035" mx:ind1=" " mx:ind2=" "><mx:subfield mx:code="a">(DE-599)ZDB2669168-1</mx:subfield></mx:datafield><mx:datafield mx:tag="040" mx:ind1=" " mx:ind2=" "><mx:subfield mx:code="a">0038</mx:subfield><mx:subfield mx:code="b">ger</mx:subfield><mx:subfield mx:code="c">DE-101</mx:subfield><mx:subfield mx:code="d">9001</mx:subfield></mx:datafield><mx:datafield mx:tag="041" mx:ind1=" " mx:ind2=" "><mx:subfield mx:code="a">eng</mx:subfield></mx:datafield><mx:datafield mx:tag="044" mx:ind1=" " mx:ind2=" "><mx:subfield mx:code="c">XA-GB</mx:subfield></mx:datafield><mx:datafield mx:tag="084" mx:ind1=" " mx:ind2=" "><mx:subfield mx:code="a">10</mx:subfield><mx:subfield mx:code="2">ssgn</mx:subfield></mx:datafield><mx:datafield mx:tag="084" mx:ind1=" " mx:ind2=" "><mx:subfield mx:code="a">300</mx:subfield><mx:subfield mx:code="a">390</mx:subfield><mx:subfield mx:code="q">DE-600</mx:subfield><mx:subfield mx:code="2">sdnb</mx:subfield></mx:datafield><mx:datafield mx:tag="245" mx:ind1="1" mx:ind2="0"><mx:subfield mx:code="a">Cambridge anthropology</mx:subfield><mx:subfield mx:code="h">[Elektronische Ressource]</mx:subfield><mx:subfield mx:code="b">a journal of the Department of Social Anthropology, Cambridge University</mx:subfield></mx:datafield><mx:datafield mx:tag="247" mx:ind1="0" mx:ind2="0"><mx:subfield mx:code="g">Gesehen am 28.06.12</mx:subfield></mx:datafield><mx:datafield mx:tag="260" mx:ind1="3" mx:ind2=" "><mx:subfield mx:code="a">Biggleswade</mx:subfield><mx:subfield mx:code="b">Berghahn Journals</mx:subfield></mx:datafield><mx:datafield mx:tag="260" mx:ind1=" " mx:ind2=" "><mx:subfield mx:code="a">Cambridge</mx:subfield><mx:subfield mx:code="b">Univ.</mx:subfield><mx:subfield mx:code="c">anfangs</mx:subfield></mx:datafield><mx:datafield mx:tag="300" mx:ind1=" " mx:ind2=" "><mx:subfield mx:code="a">Online-Ressource</mx:subfield></mx:datafield><mx:datafield mx:tag="362" mx:ind1="0" mx:ind2=" "><mx:subfield mx:code="a">Nachgewiesen 30.2012 -</mx:subfield></mx:datafield><mx:datafield mx:tag="363" mx:ind1="0" mx:ind2="1"><mx:subfield mx:code="8">1.1\x</mx:subfield><mx:subfield mx:code="a">30</mx:subfield><mx:subfield mx:code="i">2012</mx:subfield></mx:datafield><mx:datafield mx:tag="710" mx:ind1="2" mx:ind2=" "><mx:subfield mx:code="0">(DE-588)5350688-1</mx:subfield><mx:subfield mx:code="0">(DE-101)957989180</mx:subfield><mx:subfield mx:code="a">University</mx:subfield><mx:subfield mx:code="g">Cambridge</mx:subfield><mx:subfield mx:code="b">Department of Social Anthropology</mx:subfield></mx:datafield><mx:datafield mx:tag="775" mx:ind1="0" mx:ind2="8"><mx:subfield mx:code="i">Druckausg.</mx:subfield><mx:subfield mx:code="t">Cambridge anthropology</mx:subfield><mx:subfield mx:code="w">(DE-600)8161-9</mx:subfield><mx:subfield mx:code="w">(DE-101)010107126</mx:subfield></mx:datafield><mx:datafield mx:tag="856" mx:ind1="4" mx:ind2=" "><mx:subfield mx:code="u">http://www.ingentaconnect.com/content/berghahn/ca</mx:subfield><mx:subfield mx:code="x">Agentur</mx:subfield></mx:datafield><mx:datafield mx:tag="856" mx:ind1="4" mx:ind2=" "><mx:subfield mx:code="u">http://www.journals.berghahnbooks.com/ca</mx:subfield><mx:subfield mx:code="x">Verlag</mx:subfield></mx:datafield><mx:datafield mx:tag="856" mx:ind1="4" mx:ind2=" "><mx:subfield mx:code="u">http://www.bibliothek.uni-regensburg.de/ezeit/?2669168</mx:subfield><mx:subfield mx:code="x">EZB</mx:subfield></mx:datafield></mx:record>