<mx:record mx:type="Bibliographic" mx:format="MARC21"><mx:leader>01362nas a2200385 c 4500</mx:leader><mx:controlfield mx:tag="001">1023737159</mx:controlfield><mx:controlfield mx:tag="004">DE-101</mx:controlfield><mx:controlfield mx:tag="005">20120802080054.0</mx:controlfield><mx:controlfield mx:tag="007">tu</mx:controlfield><mx:controlfield mx:tag="008">120627c20129999gw w||n|r ||| 0||||0ger c</mx:controlfield><mx:datafield mx:tag="016" mx:ind1="7" mx:ind2=" "><mx:subfield mx:code="2">DE-101</mx:subfield><mx:subfield mx:code="a">1023737159</mx:subfield></mx:datafield><mx:datafield mx:tag="016" mx:ind1="7" mx:ind2=" "><mx:subfield mx:code="2">DE-600</mx:subfield><mx:subfield mx:code="a">2668915-7</mx:subfield></mx:datafield><mx:datafield mx:tag="035" mx:ind1=" " mx:ind2=" "><mx:subfield mx:code="a">(DE-599)ZDB2668915-7</mx:subfield></mx:datafield><mx:datafield mx:tag="040" mx:ind1=" " mx:ind2=" "><mx:subfield mx:code="a">0012</mx:subfield><mx:subfield mx:code="b">ger</mx:subfield><mx:subfield mx:code="c">DE-101</mx:subfield><mx:subfield mx:code="d">0384</mx:subfield></mx:datafield><mx:datafield mx:tag="041" mx:ind1=" " mx:ind2=" "><mx:subfield mx:code="a">ger</mx:subfield></mx:datafield><mx:datafield mx:tag="044" mx:ind1=" " mx:ind2=" "><mx:subfield mx:code="c">XA-DE</mx:subfield></mx:datafield><mx:datafield mx:tag="084" mx:ind1=" " mx:ind2=" "><mx:subfield mx:code="a">230</mx:subfield><mx:subfield mx:code="q">DE-101</mx:subfield><mx:subfield mx:code="2">sdnb</mx:subfield></mx:datafield><mx:datafield mx:tag="084" mx:ind1=" " mx:ind2=" "><mx:subfield mx:code="a">230</mx:subfield><mx:subfield mx:code="q">DE-600</mx:subfield><mx:subfield mx:code="2">sdnb</mx:subfield></mx:datafield><mx:datafield mx:tag="090" mx:ind1=" " mx:ind2=" "><mx:subfield mx:code="n">eo</mx:subfield></mx:datafield><mx:datafield mx:tag="245" mx:ind1="1" mx:ind2="0"><mx:subfield mx:code="a">Katholische SonntagsZeitung</mx:subfield><mx:subfield mx:code="n">[...]</mx:subfield><mx:subfield mx:code="p">Bistum Augsburg</mx:subfield><mx:subfield mx:code="c">im Auftrag des Bischofs von Augsburg</mx:subfield></mx:datafield><mx:datafield mx:tag="246" mx:ind1="1" mx:ind2="9"><mx:subfield mx:code="a">Katholische SonntagsZeitung / Bistum Augsburg</mx:subfield></mx:datafield><mx:datafield mx:tag="260" mx:ind1="3" mx:ind2=" "><mx:subfield mx:code="a">Augsburg</mx:subfield><mx:subfield mx:code="b">Sankt Ulrich Verlag</mx:subfield></mx:datafield><mx:datafield mx:tag="362" mx:ind1="0" mx:ind2=" "><mx:subfield mx:code="a">85.2012,21(26/27.Mai) -</mx:subfield></mx:datafield><mx:datafield mx:tag="363" mx:ind1="0" mx:ind2="1"><mx:subfield mx:code="8">1.1\x</mx:subfield><mx:subfield mx:code="a">85</mx:subfield><mx:subfield mx:code="b">21</mx:subfield><mx:subfield mx:code="i">2012</mx:subfield></mx:datafield><mx:datafield mx:tag="515" mx:ind1=" " mx:ind2=" "><mx:subfield mx:code="a">Periodizität: wöchentl.</mx:subfield></mx:datafield><mx:datafield mx:tag="591" mx:ind1=" " mx:ind2=" "><mx:subfield mx:code="a">Kopie</mx:subfield></mx:datafield><mx:datafield mx:tag="651" mx:ind1=" " mx:ind2="7"><mx:subfield mx:code="0">(DE-588)4003616-9</mx:subfield><mx:subfield mx:code="0">(DE-101)040036162</mx:subfield><mx:subfield mx:code="a">Diözese Augsburg</mx:subfield><mx:subfield mx:code="2">gnd</mx:subfield></mx:datafield><mx:datafield mx:tag="655" mx:ind1=" " mx:ind2="7"><mx:subfield mx:code="a">Zeitschrift</mx:subfield><mx:subfield mx:code="2">gnd</mx:subfield></mx:datafield><mx:datafield mx:tag="689" mx:ind1="0" mx:ind2="0"><mx:subfield mx:code="0">(DE-588)4003616-9</mx:subfield><mx:subfield mx:code="0">(DE-101)040036162</mx:subfield><mx:subfield mx:code="D">g</mx:subfield><mx:subfield mx:code="a">Diözese Augsburg</mx:subfield></mx:datafield><mx:datafield mx:tag="689" mx:ind1="0" mx:ind2="1"><mx:subfield mx:code="A">f</mx:subfield><mx:subfield mx:code="a">Zeitschrift</mx:subfield></mx:datafield><mx:datafield mx:tag="689" mx:ind1="0" mx:ind2=" "><mx:subfield mx:code="5">DE-384</mx:subfield><mx:subfield mx:code="5">DE-604</mx:subfield></mx:datafield><mx:datafield mx:tag="710" mx:ind1="2" mx:ind2=" "><mx:subfield mx:code="0">(DE-588)1001896-7</mx:subfield><mx:subfield mx:code="0">(DE-101)004012666</mx:subfield><mx:subfield mx:code="a">Diözese</mx:subfield><mx:subfield mx:code="g">Augsburg</mx:subfield></mx:datafield><mx:datafield mx:tag="751" mx:ind1=" " mx:ind2=" "><mx:subfield mx:code="0">(DE-588)2028044-0</mx:subfield><mx:subfield mx:code="0">(DE-101)004847482</mx:subfield><mx:subfield mx:code="a">Augsburg</mx:subfield><mx:subfield mx:code="4">dbp</mx:subfield><mx:subfield mx:code="2">gnd</mx:subfield></mx:datafield><mx:datafield mx:tag="780" mx:ind1="0" mx:ind2="0"><mx:subfield mx:code="i">Vorg.:</mx:subfield><mx:subfield mx:code="a">Diözese &lt;Augsburg></mx:subfield><mx:subfield mx:code="t">Katholische SonntagsZeitung für das Bistum Augsburg</mx:subfield><mx:subfield mx:code="w">(DE-600)1158928-0</mx:subfield><mx:subfield mx:code="w">(DE-101)016871790</mx:subfield></mx:datafield><mx:datafield mx:tag="930" mx:ind1=" " mx:ind2=" "><mx:subfield mx:code="a">Bistum Augsburg</mx:subfield></mx:datafield></mx:record>