<mx:record mx:type="Bibliographic" mx:format="MARC21"><mx:leader>02240nas a2200493 c 4500</mx:leader><mx:controlfield mx:tag="001">1023356279</mx:controlfield><mx:controlfield mx:tag="004">DE-101</mx:controlfield><mx:controlfield mx:tag="005">20120802141007.0</mx:controlfield><mx:controlfield mx:tag="007">co||||||||||||</mx:controlfield><mx:controlfield mx:tag="008">120614c20129999gw z||p|q ||| 0||||0ger c</mx:controlfield><mx:datafield mx:tag="015" mx:ind1=" " mx:ind2=" "><mx:subfield mx:code="a">12,A26</mx:subfield><mx:subfield mx:code="2">dnb</mx:subfield></mx:datafield><mx:datafield mx:tag="016" mx:ind1="7" mx:ind2=" "><mx:subfield mx:code="2">DE-101</mx:subfield><mx:subfield mx:code="a">1023356279</mx:subfield></mx:datafield><mx:datafield mx:tag="016" mx:ind1="7" mx:ind2=" "><mx:subfield mx:code="2">DE-600</mx:subfield><mx:subfield mx:code="a">2666750-2</mx:subfield></mx:datafield><mx:datafield mx:tag="035" mx:ind1=" " mx:ind2=" "><mx:subfield mx:code="a">(DE-599)ZDB2666750-2</mx:subfield></mx:datafield><mx:datafield mx:tag="035" mx:ind1=" " mx:ind2=" "><mx:subfield mx:code="a">(OCoLC)797190385</mx:subfield></mx:datafield><mx:datafield mx:tag="040" mx:ind1=" " mx:ind2=" "><mx:subfield mx:code="a">1241</mx:subfield><mx:subfield mx:code="b">ger</mx:subfield><mx:subfield mx:code="c">DE-101</mx:subfield><mx:subfield mx:code="d">9001</mx:subfield></mx:datafield><mx:datafield mx:tag="041" mx:ind1=" " mx:ind2=" "><mx:subfield mx:code="a">ger</mx:subfield></mx:datafield><mx:datafield mx:tag="044" mx:ind1=" " mx:ind2=" "><mx:subfield mx:code="c">XA-DE</mx:subfield></mx:datafield><mx:datafield mx:tag="082" mx:ind1="0" mx:ind2="4"><mx:subfield mx:code="8">1\x</mx:subfield><mx:subfield mx:code="a">658.477</mx:subfield><mx:subfield mx:code="q">DE-101</mx:subfield><mx:subfield mx:code="2">22/ger</mx:subfield></mx:datafield><mx:datafield mx:tag="084" mx:ind1=" " mx:ind2=" "><mx:subfield mx:code="a">650</mx:subfield><mx:subfield mx:code="q">DE-101</mx:subfield><mx:subfield mx:code="2">sdnb</mx:subfield></mx:datafield><mx:datafield mx:tag="084" mx:ind1=" " mx:ind2=" "><mx:subfield mx:code="a">360</mx:subfield><mx:subfield mx:code="a">340</mx:subfield><mx:subfield mx:code="a">620</mx:subfield><mx:subfield mx:code="q">DE-600</mx:subfield><mx:subfield mx:code="2">sdnb</mx:subfield></mx:datafield><mx:datafield mx:tag="084" mx:ind1=" " mx:ind2=" "><mx:subfield mx:code="a">TEC 830f</mx:subfield><mx:subfield mx:code="2">stub</mx:subfield></mx:datafield><mx:datafield mx:tag="085" mx:ind1=" " mx:ind2=" "><mx:subfield mx:code="8">1\x</mx:subfield><mx:subfield mx:code="b">658.477</mx:subfield></mx:datafield><mx:datafield mx:tag="086" mx:ind1=" " mx:ind2=" "><mx:subfield mx:code="2">z</mx:subfield><mx:subfield mx:code="a">CD4492</mx:subfield></mx:datafield><mx:datafield mx:tag="245" mx:ind1="1" mx:ind2="0"><mx:subfield mx:code="a">Betriebliches Brandschutzmanagement</mx:subfield><mx:subfield mx:code="h">[Elektronische Ressource]</mx:subfield><mx:subfield mx:code="b">Maßnahmen professionell und branchenspezifisch umsetzen ; Aufgaben und Pflichten kennen und verstehen, Anforderungen umsetzen, Brandschutz korrekt überwachen</mx:subfield></mx:datafield><mx:datafield mx:tag="247" mx:ind1="0" mx:ind2="0"><mx:subfield mx:code="g">Hauptsacht. vom Behältnis</mx:subfield></mx:datafield><mx:datafield mx:tag="260" mx:ind1="3" mx:ind2=" "><mx:subfield mx:code="a">Kissing</mx:subfield><mx:subfield mx:code="b">WEKA-Media GmbH</mx:subfield></mx:datafield><mx:datafield mx:tag="300" mx:ind1=" " mx:ind2=" "><mx:subfield mx:code="a">DVDs</mx:subfield><mx:subfield mx:code="c">12 cm, in Behältnis 19 x 14 x 2 cm</mx:subfield><mx:subfield mx:code="e">Beil.</mx:subfield></mx:datafield><mx:datafield mx:tag="362" mx:ind1="0" mx:ind2=" "><mx:subfield mx:code="a">2012,5 -</mx:subfield></mx:datafield><mx:datafield mx:tag="363" mx:ind1="0" mx:ind2="1"><mx:subfield mx:code="8">1.1\x</mx:subfield><mx:subfield mx:code="b">5</mx:subfield><mx:subfield mx:code="i">2012</mx:subfield></mx:datafield><mx:datafield mx:tag="490" mx:ind1="0" mx:ind2=" "><mx:subfield mx:code="a">WEKA-Praxislösungen</mx:subfield></mx:datafield><mx:datafield mx:tag="501" mx:ind1=" " mx:ind2=" "><mx:subfield mx:code="a">Darin 2012,5: Archiv - Handbuch für den betrieblichen Brandschutz</mx:subfield></mx:datafield><mx:datafield mx:tag="515" mx:ind1=" " mx:ind2=" "><mx:subfield mx:code="a">Ersch. unregelmäßig; Druckausg. als Losebl.-Ausg. ersch.</mx:subfield></mx:datafield><mx:datafield mx:tag="538" mx:ind1=" " mx:ind2=" "><mx:subfield mx:code="a">Systemvoraussetzungen: Windows-PC ab Pentium III (1 GHz) oder vergleichbar; Monitor SVGA (1.024 x 768) oder höher; Betriebssystem Windows 7, Vista oder XP; Speicherplatz ca. 650 MB freier Speicher auf der Festplatte; Arbeitsspeicher ab 1 GB (empfohlen); CD-ROM-/DVD-Laufwerk; Software Adobe Reader, MS Office 2003 (mind. Word, Excel, PowerPoint)</mx:subfield></mx:datafield><mx:datafield mx:tag="650" mx:ind1=" " mx:ind2="7"><mx:subfield mx:code="0">(DE-588)4006138-3</mx:subfield><mx:subfield mx:code="0">(DE-101)040061388</mx:subfield><mx:subfield mx:code="a">Betrieb</mx:subfield><mx:subfield mx:code="2">gnd</mx:subfield></mx:datafield><mx:datafield mx:tag="650" mx:ind1=" " mx:ind2="7"><mx:subfield mx:code="0">(DE-588)4007974-0</mx:subfield><mx:subfield mx:code="0">(DE-101)040079740</mx:subfield><mx:subfield mx:code="a">Brandschutz</mx:subfield><mx:subfield mx:code="2">gnd</mx:subfield></mx:datafield><mx:datafield mx:tag="655" mx:ind1=" " mx:ind2="7"><mx:subfield mx:code="a">CD-ROM</mx:subfield><mx:subfield mx:code="2">gnd</mx:subfield></mx:datafield><mx:datafield mx:tag="689" mx:ind1="0" mx:ind2="0"><mx:subfield mx:code="0">(DE-588)4006138-3</mx:subfield><mx:subfield mx:code="0">(DE-101)040061388</mx:subfield><mx:subfield mx:code="D">s</mx:subfield><mx:subfield mx:code="a">Betrieb</mx:subfield></mx:datafield><mx:datafield mx:tag="689" mx:ind1="0" mx:ind2="1"><mx:subfield mx:code="0">(DE-588)4007974-0</mx:subfield><mx:subfield mx:code="0">(DE-101)040079740</mx:subfield><mx:subfield mx:code="D">s</mx:subfield><mx:subfield mx:code="a">Brandschutz</mx:subfield></mx:datafield><mx:datafield mx:tag="689" mx:ind1="0" mx:ind2="2"><mx:subfield mx:code="A">f</mx:subfield><mx:subfield mx:code="a">CD-ROM</mx:subfield></mx:datafield><mx:datafield mx:tag="689" mx:ind1="0" mx:ind2=" "><mx:subfield mx:code="5">DE-101</mx:subfield><mx:subfield mx:code="5">DE-101</mx:subfield></mx:datafield><mx:datafield mx:tag="770" mx:ind1="0" mx:ind2="8"><mx:subfield mx:code="i">Beil.:</mx:subfield><mx:subfield mx:code="t">Betriebliches Brandschutzmanagement / Newsletter</mx:subfield><mx:subfield mx:code="w">(DE-600)2666756-3</mx:subfield><mx:subfield mx:code="w">(DE-101)1023356600</mx:subfield></mx:datafield><mx:datafield mx:tag="780" mx:ind1="0" mx:ind2="0"><mx:subfield mx:code="i">Vorg.:</mx:subfield><mx:subfield mx:code="t">Handbuch für den betrieblichen Brandschutz</mx:subfield><mx:subfield mx:code="w">(DE-600)2196164-5</mx:subfield><mx:subfield mx:code="w">(DE-101)975739751</mx:subfield></mx:datafield><mx:datafield mx:tag="925" mx:ind1="r" mx:ind2=" "><mx:subfield mx:code="a">ra</mx:subfield></mx:datafield></mx:record>