<mx:record mx:type="Bibliographic" mx:format="MARC21"><mx:leader>01744nas a2200517 c 4500</mx:leader><mx:controlfield mx:tag="001">1023092700</mx:controlfield><mx:controlfield mx:tag="004">DE-101</mx:controlfield><mx:controlfield mx:tag="005">20120802093159.0</mx:controlfield><mx:controlfield mx:tag="007">tu</mx:controlfield><mx:controlfield mx:tag="008">120606c20129999gw m||p|r ||| 0||||0ger c</mx:controlfield><mx:datafield mx:tag="015" mx:ind1=" " mx:ind2=" "><mx:subfield mx:code="a">12,A31</mx:subfield><mx:subfield mx:code="2">dnb</mx:subfield></mx:datafield><mx:datafield mx:tag="016" mx:ind1="7" mx:ind2=" "><mx:subfield mx:code="2">DE-101</mx:subfield><mx:subfield mx:code="a">1023092700</mx:subfield></mx:datafield><mx:datafield mx:tag="016" mx:ind1="7" mx:ind2=" "><mx:subfield mx:code="2">DE-600</mx:subfield><mx:subfield mx:code="a">2665612-7</mx:subfield></mx:datafield><mx:datafield mx:tag="022" mx:ind1=" " mx:ind2=" "><mx:subfield mx:code="a">2194-4806</mx:subfield></mx:datafield><mx:datafield mx:tag="029" mx:ind1="a" mx:ind2="a"><mx:subfield mx:code="a">2194-4806 = Steuern im Handel</mx:subfield></mx:datafield><mx:datafield mx:tag="035" mx:ind1=" " mx:ind2=" "><mx:subfield mx:code="a">(DE-599)ZDB2665612-7</mx:subfield></mx:datafield><mx:datafield mx:tag="040" mx:ind1=" " mx:ind2=" "><mx:subfield mx:code="a">1241</mx:subfield><mx:subfield mx:code="b">ger</mx:subfield><mx:subfield mx:code="c">DE-101</mx:subfield><mx:subfield mx:code="d">9001</mx:subfield></mx:datafield><mx:datafield mx:tag="041" mx:ind1=" " mx:ind2=" "><mx:subfield mx:code="a">ger</mx:subfield></mx:datafield><mx:datafield mx:tag="044" mx:ind1=" " mx:ind2=" "><mx:subfield mx:code="c">XA-DE</mx:subfield></mx:datafield><mx:datafield mx:tag="082" mx:ind1="0" mx:ind2="4"><mx:subfield mx:code="8">1\x</mx:subfield><mx:subfield mx:code="a">343.4306805</mx:subfield><mx:subfield mx:code="q">DE-101</mx:subfield><mx:subfield mx:code="2">22/ger</mx:subfield></mx:datafield><mx:datafield mx:tag="084" mx:ind1=" " mx:ind2=" "><mx:subfield mx:code="a">340</mx:subfield><mx:subfield mx:code="a">650</mx:subfield><mx:subfield mx:code="q">DE-101</mx:subfield><mx:subfield mx:code="2">sdnb</mx:subfield></mx:datafield><mx:datafield mx:tag="084" mx:ind1=" " mx:ind2=" "><mx:subfield mx:code="a">330</mx:subfield><mx:subfield mx:code="q">DE-600</mx:subfield><mx:subfield mx:code="2">sdnb</mx:subfield></mx:datafield><mx:datafield mx:tag="085" mx:ind1=" " mx:ind2=" "><mx:subfield mx:code="8">1\x</mx:subfield><mx:subfield mx:code="b">343.068</mx:subfield></mx:datafield><mx:datafield mx:tag="085" mx:ind1=" " mx:ind2=" "><mx:subfield mx:code="8">1\x</mx:subfield><mx:subfield mx:code="z">1</mx:subfield><mx:subfield mx:code="s">05</mx:subfield></mx:datafield><mx:datafield mx:tag="085" mx:ind1=" " mx:ind2=" "><mx:subfield mx:code="8">1\x</mx:subfield><mx:subfield mx:code="z">2</mx:subfield><mx:subfield mx:code="s">43</mx:subfield></mx:datafield><mx:datafield mx:tag="222" mx:ind1=" " mx:ind2="0"><mx:subfield mx:code="a">Steuern im Handel</mx:subfield></mx:datafield><mx:datafield mx:tag="245" mx:ind1="1" mx:ind2="0"><mx:subfield mx:code="a">Steuern im Handel</mx:subfield><mx:subfield mx:code="b">SH ; sicher durch die Betriebsprüfung  und weniger Steuern</mx:subfield></mx:datafield><mx:datafield mx:tag="246" mx:ind1="1" mx:ind2="3"><mx:subfield mx:code="a">SH</mx:subfield></mx:datafield><mx:datafield mx:tag="260" mx:ind1="3" mx:ind2=" "><mx:subfield mx:code="a">Würzburg</mx:subfield><mx:subfield mx:code="b">IWW-Inst. für Wirtschaftspubl., Verl. Steuern, Recht, Wirtschaft</mx:subfield></mx:datafield><mx:datafield mx:tag="300" mx:ind1=" " mx:ind2=" "><mx:subfield mx:code="c">30 cm</mx:subfield></mx:datafield><mx:datafield mx:tag="362" mx:ind1="0" mx:ind2=" "><mx:subfield mx:code="a">2012,1(Juni) -</mx:subfield></mx:datafield><mx:datafield mx:tag="363" mx:ind1="0" mx:ind2="1"><mx:subfield mx:code="8">1.1\x</mx:subfield><mx:subfield mx:code="i">2012</mx:subfield></mx:datafield><mx:datafield mx:tag="365" mx:ind1=" " mx:ind2=" "><mx:subfield mx:code="b">EUR 192.00 (jährl.)</mx:subfield></mx:datafield><mx:datafield mx:tag="515" mx:ind1=" " mx:ind2=" "><mx:subfield mx:code="a">Ersch. monatl.</mx:subfield></mx:datafield><mx:datafield mx:tag="650" mx:ind1=" " mx:ind2="7"><mx:subfield mx:code="0">(DE-588)4023226-8</mx:subfield><mx:subfield mx:code="0">(DE-101)040232263</mx:subfield><mx:subfield mx:code="a">Handelsbetrieb</mx:subfield><mx:subfield mx:code="2">gnd</mx:subfield></mx:datafield><mx:datafield mx:tag="650" mx:ind1=" " mx:ind2="7"><mx:subfield mx:code="0">(DE-588)4006201-6</mx:subfield><mx:subfield mx:code="0">(DE-101)040062015</mx:subfield><mx:subfield mx:code="a">Betriebsprüfung</mx:subfield><mx:subfield mx:code="2">gnd</mx:subfield></mx:datafield><mx:datafield mx:tag="650" mx:ind1=" " mx:ind2="7"><mx:subfield mx:code="0">(DE-588)4116614-0</mx:subfield><mx:subfield mx:code="0">(DE-101)041166140</mx:subfield><mx:subfield mx:code="a">Steuerrecht</mx:subfield><mx:subfield mx:code="2">gnd</mx:subfield></mx:datafield><mx:datafield mx:tag="651" mx:ind1=" " mx:ind2="7"><mx:subfield mx:code="0">(DE-588)4011882-4</mx:subfield><mx:subfield mx:code="0">(DE-101)040118827</mx:subfield><mx:subfield mx:code="a">Deutschland</mx:subfield><mx:subfield mx:code="2">gnd</mx:subfield></mx:datafield><mx:datafield mx:tag="655" mx:ind1=" " mx:ind2="7"><mx:subfield mx:code="a">Zeitschrift</mx:subfield><mx:subfield mx:code="2">gnd</mx:subfield></mx:datafield><mx:datafield mx:tag="689" mx:ind1="0" mx:ind2="0"><mx:subfield mx:code="0">(DE-588)4011882-4</mx:subfield><mx:subfield mx:code="0">(DE-101)040118827</mx:subfield><mx:subfield mx:code="D">g</mx:subfield><mx:subfield mx:code="a">Deutschland</mx:subfield></mx:datafield><mx:datafield mx:tag="689" mx:ind1="0" mx:ind2="1"><mx:subfield mx:code="0">(DE-588)4023226-8</mx:subfield><mx:subfield mx:code="0">(DE-101)040232263</mx:subfield><mx:subfield mx:code="D">s</mx:subfield><mx:subfield mx:code="a">Handelsbetrieb</mx:subfield></mx:datafield><mx:datafield mx:tag="689" mx:ind1="0" mx:ind2="2"><mx:subfield mx:code="0">(DE-588)4006201-6</mx:subfield><mx:subfield mx:code="0">(DE-101)040062015</mx:subfield><mx:subfield mx:code="D">s</mx:subfield><mx:subfield mx:code="a">Betriebsprüfung</mx:subfield></mx:datafield><mx:datafield mx:tag="689" mx:ind1="0" mx:ind2="3"><mx:subfield mx:code="0">(DE-588)4116614-0</mx:subfield><mx:subfield mx:code="0">(DE-101)041166140</mx:subfield><mx:subfield mx:code="D">s</mx:subfield><mx:subfield mx:code="a">Steuerrecht</mx:subfield></mx:datafield><mx:datafield mx:tag="689" mx:ind1="0" mx:ind2="4"><mx:subfield mx:code="A">f</mx:subfield><mx:subfield mx:code="a">Zeitschrift</mx:subfield></mx:datafield><mx:datafield mx:tag="689" mx:ind1="0" mx:ind2=" "><mx:subfield mx:code="5">DE-101</mx:subfield><mx:subfield mx:code="5">DE-101</mx:subfield></mx:datafield><mx:datafield mx:tag="925" mx:ind1="r" mx:ind2=" "><mx:subfield mx:code="a">ra</mx:subfield></mx:datafield></mx:record></mx:collection>